<?xml version="1.0" encoding="UTF-8"?>
<collection xmlns="http://www.loc.gov/MARC21/slim">
<record>
    <datafield tag="037" ind1=" " ind2=" ">
      <subfield code="a">CERN-EX-0106015</subfield>
    </datafield>
    <datafield tag="100" ind1=" " ind2=" ">
      <subfield code="a">Photolab</subfield>
    </datafield>
    <datafield tag="245" ind1=" " ind2=" ">
      <subfield code="a">ALEPH experiment: Candidate of Higgs boson production</subfield>
    </datafield>
    <datafield tag="246" ind1=" " ind2="1">
      <subfield code="a">Expérience ALEPH: Candidat de la production d'un boson Higgs</subfield>
    </datafield>
    <datafield tag="260" ind1=" " ind2=" ">
      <subfield code="c">14 06 2000</subfield>
    </datafield>
    <datafield tag="340" ind1=" " ind2=" ">
      <subfield code="a">FILM</subfield>
    </datafield>
    <datafield tag="520" ind1=" " ind2=" ">
      <subfield code="a">Candidate for the associated production of the Higgs boson and Z boson. Both, the Higgs and Z boson decay into 2 jets each. The green and the yellow jets belong to the Higgs boson. They represent the fragmentation of a bottom andanti-bottom quark. The red and the blue jets stem from the decay of the Z boson into a quark anti-quark pair. Left: View of the event along the beam axis. Bottom right: Zoom around the interaction point at the centre showing detailsof the fragmentation of the bottom and anti-bottom quarks. As expected for b quarks, in each jet the decay of a long-lived B meson is visible. Top right: "World map" showing the spatial distribution of the jets in the event.</subfield>
    </datafield>
    <datafield tag="650" ind1="1" ind2="7">
      <subfield code="2">SzGeCERN</subfield>
      <subfield code="a">Experiments and Tracks</subfield>
    </datafield>
    <datafield tag="653" ind1="1" ind2=" ">
      <subfield code="a">LEP</subfield>
    </datafield>
    <datafield tag="856" ind1="0" ind2=" ">
      <subfield code="f">neil.calder@cern.ch</subfield>
    </datafield>
  </record>