
  <record>
    <datafield tag="037" ind1=" " ind2=" ">
      <subfield code="a">CERN-EX-0104007</subfield>
    </datafield>
    <datafield tag="100" ind1=" " ind2=" ">
      <subfield code="a">Patrice Loïez</subfield>
    </datafield>
    <datafield tag="245" ind1=" " ind2=" ">
      <subfield code="a">The first CERN-built module of the barrel section of ATLAS's electromagnetic calorimeter</subfield>
    </datafield>
    <datafield tag="246" ind1=" " ind2="1">
      <subfield code="a">Premier module du tonneau du calorimètre electromagnétique d'ATLAS</subfield>
    </datafield>
    <datafield tag="260" ind1=" " ind2=" ">
      <subfield code="c">10 Apr 2001</subfield>
    </datafield>
    <datafield tag="340" ind1=" " ind2=" ">
      <subfield code="a">DIGITAL</subfield>
    </datafield>
    <datafield tag="520" ind1=" " ind2=" ">
      <subfield code="a">Behind the module, left to right Ralf Huber, Andreas Bies and Jorgen Beck Hansen. In front of the module, left to right: Philippe Lançon and Edward Wood.</subfield>
    </datafield>
    <datafield tag="650" ind1="1" ind2="7">
      <subfield code="2">SzGeCERN</subfield>
      <subfield code="a">Experiments and Tracks</subfield>
    </datafield>
    <datafield tag="856" ind1="0" ind2=" ">
      <subfield code="f">marie.noelle.pages.ribeiro@cern.ch</subfield>
    </datafield>
  </record>