
  <record>
    <datafield tag="037" ind1=" " ind2=" ">
      <subfield code="a">CERN-HI-6902127</subfield>
    </datafield>
    <datafield tag="245" ind1=" " ind2=" ">
      <subfield code="a">European Molecular Biology Conference</subfield>
    </datafield>
    <datafield tag="260" ind1=" " ind2=" ">
      <subfield code="c">Jul 1969</subfield>
    </datafield>
    <datafield tag="520" ind1=" " ind2=" ">
      <subfield code="a">In February, the Agreement establishing the European Molecular Biology Conference was signed at CERN. Willy Spuhler is signing for Switzerland.</subfield>
    </datafield>
    <datafield tag="650" ind1="1" ind2="7">
      <subfield code="2">SzGeCERN</subfield>
      <subfield code="a">Personalities and History of CERN</subfield>
    </datafield>
  </record>