
  <record>
    <datafield tag="037" ind1=" " ind2=" ">
      <subfield code="a">CERN-DI-9906028</subfield>
    </datafield>
    <datafield tag="100" ind1=" " ind2=" ">
      <subfield code="a">J.L. Caron</subfield>
    </datafield>
    <datafield tag="245" ind1=" " ind2=" ">
      <subfield code="a">The Twenty Member States of CERN (with dates of accession) on 1 June 1999</subfield>
    </datafield>
    <datafield tag="260" ind1=" " ind2=" ">
      <subfield code="c">Jun 1999</subfield>
    </datafield>
    <datafield tag="520" ind1=" " ind2=" ">
      <subfield code="a">CERN Member States.</subfield>
    </datafield>
    <datafield tag="650" ind1="1" ind2="7">
      <subfield code="2">SzGeCERN</subfield>
      <subfield code="a">Diagrams and Charts</subfield>
    </datafield>
  </record>