
  <record>
    <datafield tag="037" ind1=" " ind2=" ">
      <subfield code="a">CERN-DI-9905005</subfield>
    </datafield>
    <datafield tag="245" ind1=" " ind2=" ">
      <subfield code="a">High energy cosmic rays striking atoms at the top of the atmosphere give the rise to showers of particles striking the Earth's surface</subfield>
    </datafield>
    <datafield tag="246" ind1=" " ind2="1">
      <subfield code="a">Des rayons cosmiques de haute energie heurtent des atomes dans la haute atmosphere et donnent ainsi naissance a des gerbes de particules projetees sur la surface terrestre</subfield>
    </datafield>
    <datafield tag="260" ind1=" " ind2=" ">
      <subfield code="c">10 May 1999</subfield>
    </datafield>
    <datafield tag="340" ind1=" " ind2=" ">
      <subfield code="a">DIGITAL</subfield>
    </datafield>
    <datafield tag="650" ind1="1" ind2="7">
      <subfield code="2">SzGeCERN</subfield>
      <subfield code="a">Diagrams and Charts</subfield>
    </datafield>
    <datafield tag="856" ind1="0" ind2=" ">
      <subfield code="f">neil.calder@cern.ch</subfield>
    </datafield>
  </record>