
  <record>
    <datafield tag="037" ind1=" " ind2=" ">
      <subfield code="a">CERN-HI-6206002</subfield>
    </datafield>
    <datafield tag="041" ind1=" " ind2=" ">
      <subfield code="a">eng</subfield>
    </datafield>
    <datafield tag="245" ind1=" " ind2=" ">
      <subfield code="a">At CERN in 1962</subfield>
      <subfield code="s">eight Nobel prizewinners</subfield>
    </datafield>
    <datafield tag="260" ind1=" " ind2=" ">
      <subfield code="c">1962</subfield>
    </datafield>
    <datafield tag="506" ind1="1" ind2=" ">
      <subfield code="a">jekyll_only</subfield>
    </datafield>
    <datafield tag="520" ind1=" " ind2=" ">
      <subfield code="a">In 1962, CERN hosted the 11th International Conference on High Energy Physics. Among the distinguished visitors were eight Nobel prizewinners.Left to right: Cecil F. Powell, Isidor I. Rabi, Werner Heisenberg, Edwin M. McMillan, Emile Segre, Tsung Dao Lee, Chen Ning Yang and Robert Hofstadter.</subfield>
    </datafield>
    <datafield tag="650" ind1="1" ind2="7">
      <subfield code="2">SzGeCERN</subfield>
      <subfield code="a">Personalities and History of CERN</subfield>
    </datafield>
    <datafield tag="653" ind1="1" ind2=" ">
      <subfield code="a">Nobel laureate</subfield>
    </datafield>
  </record>