
  <record>
    <datafield tag="037" ind1=" " ind2=" ">
      <subfield code="a">CERN-GE-9806033</subfield>
    </datafield>
    <datafield tag="245" ind1=" " ind2=" ">
      <subfield code="a">Tim Berners-Lee</subfield>
      <subfield code="s">World-Wide Web inventor</subfield>
    </datafield>
    <datafield tag="260" ind1=" " ind2=" ">
      <subfield code="c">28 Jun 1998</subfield>
    </datafield>
    <datafield tag="520" ind1=" " ind2=" ">
      <subfield code="a">Conference "Internet, Web, What's next?" on 26 June 1998 at CERN : Tim Berners-Lee, inventor of the World-Wide Web and Director of the W3C, explains how the Web came to be and give his views on the future.</subfield>
    </datafield>
    <datafield tag="650" ind1="1" ind2="7">
      <subfield code="2">SzGeCERN</subfield>
      <subfield code="a">Life at CERN</subfield>
    </datafield>
    <datafield tag="856" ind1="0" ind2=" ">
      <subfield code="f">neil.calder@cern.ch</subfield>
    </datafield>
  </record>