
  <record>
    <datafield tag="037" ind1=" " ind2=" ">
      <subfield code="a">astro-ph/9812226</subfield>
    </datafield>
    <datafield tag="041" ind1=" " ind2=" ">
      <subfield code="a">eng</subfield>
    </datafield>
    <datafield tag="100" ind1=" " ind2=" ">
      <subfield code="a">Efstathiou, G P</subfield>
      <subfield code="u">Cambridge University</subfield>
    </datafield>
    <datafield tag="245" ind1=" " ind2=" ">
      <subfield code="a">Constraints on $\Omega_{\Lambda}$ and $\Omega_{m}$from Distant Type 1a Supernovae and Cosmic Microwave Background Anisotropies</subfield>
    </datafield>
    <datafield tag="260" ind1=" " ind2=" ">
      <subfield code="c">14 Dec 1998</subfield>
    </datafield>
    <datafield tag="300" ind1=" " ind2=" ">
      <subfield code="a">6 p</subfield>
    </datafield>
    <datafield tag="520" ind1=" " ind2=" ">
      <subfield code="a">We perform a combined likelihood analysis of the latest cosmic microwave background anisotropy data and distant Type 1a Supernova data of Perlmutter etal (1998a). Our analysis is restricted tocosmological models where structure forms from adiabatic initial fluctuations characterised by a power-law spectrum with negligible tensor component. Marginalizing over other parameters, our bestfit solution gives Omega_m = 0.25 (+0.18, -0.12) and Omega_Lambda = 0.63 (+0.17, -0.23) (95 % confidence errors) for the cosmic densities contributed by matter and a cosmological constantrespectively. The results therefore strongly favour a nearly spatially flat Universe with a non-zero cosmological constant.</subfield>
    </datafield>
    <datafield tag="650" ind1="1" ind2="7">
      <subfield code="2">SzGeCERN</subfield>
      <subfield code="a">Astrophysics and Astronomy</subfield>
    </datafield>
    <datafield tag="700" ind1=" " ind2=" ">
      <subfield code="a">Lasenby, A N</subfield>
    </datafield>
    <datafield tag="700" ind1=" " ind2=" ">
      <subfield code="a">Hobson, M P</subfield>
    </datafield>
    <datafield tag="700" ind1=" " ind2=" ">
      <subfield code="a">Ellis, R S</subfield>
    </datafield>
    <datafield tag="700" ind1=" " ind2=" ">
      <subfield code="a">Bridle, S L</subfield>
    </datafield>
    <datafield tag="856" ind1="0" ind2=" ">
      <subfield code="f">George Efstathiou &lt;gpe@ast.cam.ac.uk&gt;</subfield>
    </datafield>
  </record>