
  <record>
    <datafield tag="037" ind1=" " ind2=" ">
      <subfield code="a">hep-ph/0105155</subfield>
    </datafield>
    <datafield tag="041" ind1=" " ind2=" ">
      <subfield code="a">eng</subfield>
    </datafield>
    <datafield tag="088" ind1=" " ind2=" ">
      <subfield code="a">CERN-TH-2001-131</subfield>
    </datafield>
    <datafield tag="100" ind1=" " ind2=" ">
      <subfield code="a">Mangano, M L</subfield>
      <subfield code="u">CERN</subfield>
      <subfield code="0">INSTITUTE|(SzGeCERN)iii0002</subfield>
    </datafield>
    <datafield tag="245" ind1=" " ind2=" ">
      <subfield code="a">Physics at the front-end of a neutrino factory : a quantitative appraisal</subfield>
    </datafield>
    <datafield tag="260" ind1=" " ind2=" ">
      <subfield code="a">Geneva</subfield>
      <subfield code="b">CERN</subfield>
      <subfield code="c">16 May 2001</subfield>
    </datafield>
    <datafield tag="300" ind1=" " ind2=" ">
      <subfield code="a">1 p</subfield>
    </datafield>
    <datafield tag="520" ind1=" " ind2=" ">
      <subfield code="a">We present a quantitative appraisal of the physics potential for neutrino experiments at the front-end of a muon storage ring. We estimate the forseeable accuracy in the determination of several interesting observables, and explorethe consequences of these measurements. We discuss the extraction of individual quark and antiquark densities from polarized and unpolarized deep-inelastic scattering. In particular we study the implications for the undertanding ofthe nucleon spin structure. We assess the determination of alpha_s from scaling violation of structure functions, and from sum rules, and the determination of sin^2(theta_W) from elastic nu-e and deep-inelastic nu-p scattering. Wethen consider the production of charmed hadrons, and the measurement of their absolute branching ratios. We study the polarization of Lambda baryons produced in the current and target fragmentation regions. Finally, we discuss thesensitivity to physics beyond the Standard Model.</subfield>
    </datafield>
    <datafield tag="650" ind1="1" ind2="7">
      <subfield code="2">SzGeCERN</subfield>
      <subfield code="a">Particle Physics - Phenomenology</subfield>
    </datafield>
    <datafield tag="700" ind1=" " ind2=" ">
      <subfield code="a">Alekhin, S I</subfield>
    </datafield>
    <datafield tag="700" ind1=" " ind2=" ">
      <subfield code="a">Anselmino, M</subfield>
    </datafield>
    <datafield tag="700" ind1=" " ind2=" ">
      <subfield code="a">Ball, R D</subfield>
    </datafield>
    <datafield tag="700" ind1=" " ind2=" ">
      <subfield code="a">Boglione, M</subfield>
    </datafield>
    <datafield tag="700" ind1=" " ind2=" ">
      <subfield code="a">D'Alesio, U</subfield>
    </datafield>
    <datafield tag="700" ind1=" " ind2=" ">
      <subfield code="a">Davidson, S</subfield>
    </datafield>
    <datafield tag="700" ind1=" " ind2=" ">
      <subfield code="a">De Lellis, G</subfield>
    </datafield>
    <datafield tag="700" ind1=" " ind2=" ">
      <subfield code="a">Ellis, J</subfield>
      <subfield code="0">AUTHOR|(SzGeCERN)aaa0005</subfield>
    </datafield>
    <datafield tag="700" ind1=" " ind2=" ">
      <subfield code="a">Forte, S</subfield>
    </datafield>
    <datafield tag="700" ind1=" " ind2=" ">
      <subfield code="a">Gambino, P</subfield>
    </datafield>
    <datafield tag="700" ind1=" " ind2=" ">
      <subfield code="a">Gehrmann, T</subfield>
    </datafield>
    <datafield tag="700" ind1=" " ind2=" ">
      <subfield code="a">Kataev, A L</subfield>
    </datafield>
    <datafield tag="700" ind1=" " ind2=" ">
      <subfield code="a">Kotzinian, A</subfield>
    </datafield>
    <datafield tag="700" ind1=" " ind2=" ">
      <subfield code="a">Kulagin, S A</subfield>
    </datafield>
    <datafield tag="700" ind1=" " ind2=" ">
      <subfield code="a">Lehmann-Dronke, B</subfield>
    </datafield>
    <datafield tag="700" ind1=" " ind2=" ">
      <subfield code="a">Migliozzi, P</subfield>
    </datafield>
    <datafield tag="700" ind1=" " ind2=" ">
      <subfield code="a">Murgia, F</subfield>
    </datafield>
    <datafield tag="700" ind1=" " ind2=" ">
      <subfield code="a">Ridolfi, G</subfield>
    </datafield>
    <datafield tag="856" ind1="0" ind2=" ">
      <subfield code="f">Michelangelo MANGANO &lt;Michelangelo.Mangano@cern.ch&gt;</subfield>
    </datafield>
  </record>