
  <record>
    <datafield tag="041" ind1=" " ind2=" ">
      <subfield code="a">eng</subfield>
    </datafield>
    <datafield tag="088" ind1=" " ind2=" ">
      <subfield code="a">CERN-PRE-82-006</subfield>
    </datafield>
    <datafield tag="100" ind1=" " ind2=" ">
      <subfield code="a">Ellis, J</subfield>
      <subfield code="0">AUTHOR|(SzGeCERN)aaa0005</subfield>
      <subfield code="u">CERN</subfield>
      <subfield code="0">INSTITUTE|(SzGeCERN)iii0002</subfield>
    </datafield>
    <datafield tag="245" ind1=" " ind2=" ">
      <subfield code="a">From the standard model to grand unification</subfield>
    </datafield>
    <datafield tag="260" ind1=" " ind2=" ">
      <subfield code="a">Geneva</subfield>
      <subfield code="b">CERN</subfield>
      <subfield code="c">1982</subfield>
    </datafield>
    <datafield tag="300" ind1=" " ind2=" ">
      <subfield code="a">mult. p</subfield>
    </datafield>
    <datafield tag="650" ind1="1" ind2="7">
      <subfield code="2">SzGeCERN</subfield>
      <subfield code="a">General Theoretical Physics</subfield>
    </datafield>
  </record>