
  <record>
    <datafield tag="037" ind1=" " ind2=" ">
      <subfield code="a">astro-ph/0104076</subfield>
    </datafield>
    <datafield tag="041" ind1=" " ind2=" ">
      <subfield code="a">eng</subfield>
    </datafield>
    <datafield tag="100" ind1=" " ind2=" ">
      <subfield code="a">Dev, A</subfield>
      <subfield code="u">Delhi University</subfield>
    </datafield>
    <datafield tag="245" ind1=" " ind2=" ">
      <subfield code="a">Cosmic equation of state, Gravitational Lensing Statistics and Merging of Galaxies</subfield>
    </datafield>
    <datafield tag="260" ind1=" " ind2=" ">
      <subfield code="c">4 Apr 2001</subfield>
    </datafield>
    <datafield tag="300" ind1=" " ind2=" ">
      <subfield code="a">28 p</subfield>
    </datafield>
    <datafield tag="520" ind1=" " ind2=" ">
      <subfield code="a">In this paper we investigate observational constraints on the cosmic equation of state of dark energy ($p = w \rho$) using gravitational lensing statistics. We carry out likelihood analysis of the lens surveys to constrain thecosmological parameters $\Omega_{m}$ and $w$. We start by constraining $\Omega_{m}$ and $w$ in the no-evolution model of galaxies where the comoving number density of galaxies is constant. We extend our study to evolutionary modelsof galaxies - Volmerange $&amp;$ Guiderdoni Model and Fast-Merging Model (of Broadhurst, Ellis $&amp;$ Glazebrook). For the no-evolution model we get $w \leq -0.24$ and $\Omega_{m}\leq 0.48$ at $1\sigma$ (68% confidence level). For theVolmerange $&amp;$ Guiderdoni Model we have $w \leq -0.2$ and $\Omega_{m} \leq 0.58$ at $1 \sigma$, and for the Fast Merging Model we get $w \leq -0.02$ and $\Omega_{m} \leq 0.93$ at $1\sigma$. For the case of constant $\Lambda$ ($w=-1$), all the models permit $\Omega_{m} = 0.3$ with 68% CL. We observe that the constraints on $w$ and $\Omega_{m}$ (and on $\Omega_{m}$ in the case of $w = -1$) obtained in the case of evolutionary models are weaker than thoseobtained in the case of the no-evolution model.</subfield>
    </datafield>
    <datafield tag="650" ind1="1" ind2="7">
      <subfield code="2">SzGeCERN</subfield>
      <subfield code="a">Astrophysics and Astronomy</subfield>
    </datafield>
    <datafield tag="700" ind1=" " ind2=" ">
      <subfield code="a">Jain, D</subfield>
    </datafield>
    <datafield tag="700" ind1=" " ind2=" ">
      <subfield code="a">Panchapakesan, N</subfield>
    </datafield>
    <datafield tag="700" ind1=" " ind2=" ">
      <subfield code="a">Mahajan, S</subfield>
    </datafield>
    <datafield tag="700" ind1=" " ind2=" ">
      <subfield code="a">Bhatia, V B</subfield>
    </datafield>
    <datafield tag="856" ind1="0" ind2=" ">
      <subfield code="f">Deepak Jain &lt;deepak@physics.du.ac.in&gt;</subfield>
    </datafield>
  </record>