
  <record>
    <datafield tag="020" ind1=" " ind2=" ">
      <subfield code="a">0898710022</subfield>
    </datafield>
    <datafield tag="041" ind1=" " ind2=" ">
      <subfield code="a">eng</subfield>
    </datafield>
    <datafield tag="080" ind1=" " ind2=" ">
      <subfield code="a">519.2</subfield>
    </datafield>
    <datafield tag="100" ind1=" " ind2=" ">
      <subfield code="a">Lindley, Dennis Victor</subfield>
      <subfield code="u">University College London</subfield>
    </datafield>
    <datafield tag="245" ind1=" " ind2=" ">
      <subfield code="a">Bayesian statistics</subfield>
      <subfield code="b">a review</subfield>
    </datafield>
    <datafield tag="260" ind1=" " ind2=" ">
      <subfield code="a">Philadelphia, PA</subfield>
      <subfield code="b">SIAM</subfield>
      <subfield code="c">1972</subfield>
    </datafield>
    <datafield tag="300" ind1=" " ind2=" ">
      <subfield code="a">88 p</subfield>
    </datafield>
    <datafield tag="490" ind1=" " ind2=" ">
      <subfield code="a">CBMS-NSF Reg. Conf. Ser. Appl. Math.</subfield>
      <subfield code="v">2</subfield>
    </datafield>
    <datafield tag="710" ind1=" " ind2=" ">
      <subfield code="a">Society for Industrial and Applied Mathematics. Philadelphia</subfield>
    </datafield>
  </record>