
  <record>
    <datafield tag="020" ind1=" " ind2=" ">
      <subfield code="a">1563964554</subfield>
    </datafield>
    <datafield tag="041" ind1=" " ind2=" ">
      <subfield code="a">eng</subfield>
    </datafield>
    <datafield tag="080" ind1=" " ind2=" ">
      <subfield code="a">539.1.078</subfield>
    </datafield>
    <datafield tag="080" ind1=" " ind2=" ">
      <subfield code="a">539.143.44</subfield>
    </datafield>
    <datafield tag="080" ind1=" " ind2=" ">
      <subfield code="a">621.384.8</subfield>
    </datafield>
    <datafield tag="245" ind1=" " ind2=" ">
      <subfield code="a">Quadrupole mass spectrometry and its applications</subfield>
    </datafield>
    <datafield tag="260" ind1=" " ind2=" ">
      <subfield code="a">Amsterdam</subfield>
      <subfield code="b">North-Holland</subfield>
      <subfield code="c">1976</subfield>
    </datafield>
    <datafield tag="270" ind1=" " ind2=" ">
      <subfield code="g">ed.</subfield>
      <subfield code="p">Dawson, Peter H</subfield>
    </datafield>
    <datafield tag="300" ind1=" " ind2=" ">
      <subfield code="a">368 p</subfield>
    </datafield>
  </record>