
  <record>
    <datafield tag="020" ind1=" " ind2=" ">
      <subfield code="a">2225350574</subfield>
    </datafield>
    <datafield tag="041" ind1=" " ind2=" ">
      <subfield code="a">fre</subfield>
    </datafield>
    <datafield tag="080" ind1=" " ind2=" ">
      <subfield code="a">518.5:62.01</subfield>
    </datafield>
    <datafield tag="100" ind1=" " ind2=" ">
      <subfield code="a">Dasse, Michel</subfield>
    </datafield>
    <datafield tag="245" ind1=" " ind2=" ">
      <subfield code="a">Analyse informatique</subfield>
      <subfield code="n">t.1</subfield>
      <subfield code="p">Les preliminaires</subfield>
    </datafield>
    <datafield tag="260" ind1=" " ind2=" ">
      <subfield code="a">Paris</subfield>
      <subfield code="b">Masson</subfield>
      <subfield code="c">1972</subfield>
    </datafield>
    <datafield tag="490" ind1=" " ind2=" ">
      <subfield code="a">Informatique</subfield>
    </datafield>
  </record>