
  <record>
    <datafield tag="020" ind1=" " ind2=" ">
      <subfield code="a">0387940758</subfield>
    </datafield>
    <datafield tag="041" ind1=" " ind2=" ">
      <subfield code="a">eng</subfield>
    </datafield>
    <datafield tag="080" ind1=" " ind2=" ">
      <subfield code="a">537.52</subfield>
    </datafield>
    <datafield tag="245" ind1=" " ind2=" ">
      <subfield code="a">Electrical breakdown in gases</subfield>
    </datafield>
    <datafield tag="260" ind1=" " ind2=" ">
      <subfield code="a">London</subfield>
      <subfield code="b">Macmillan</subfield>
      <subfield code="c">1973</subfield>
    </datafield>
    <datafield tag="270" ind1=" " ind2=" ">
      <subfield code="g">ed.</subfield>
      <subfield code="p">Rees, J A</subfield>
    </datafield>
    <datafield tag="300" ind1=" " ind2=" ">
      <subfield code="a">303 p</subfield>
    </datafield>
  </record>