
  <record>
    <datafield tag="041" ind1=" " ind2=" ">
      <subfield code="a">spa</subfield>
    </datafield>
    <datafield tag="100" ind1=" " ind2=" ">
      <subfield code="a">Trespalacios-Mantilla, J H</subfield>
      <subfield code="u">Puerto Rico Univ.</subfield>
    </datafield>
    <datafield tag="245" ind1=" " ind2=" ">
      <subfield code="a">Software De Apoyo Educativo Al Concepto De Funcion En Precalculo I (spanish Text)</subfield>
    </datafield>
    <datafield tag="260" ind1=" " ind2=" ">
      <subfield code="a">Rio Piedras</subfield>
      <subfield code="b">Puerto Rico Univ.</subfield>
      <subfield code="c">1999</subfield>
    </datafield>
    <datafield tag="270" ind1=" " ind2=" ">
      <subfield code="g">dir.</subfield>
      <subfield code="p">Monroy, H</subfield>
    </datafield>
    <datafield tag="300" ind1=" " ind2=" ">
      <subfield code="a">64 p</subfield>
    </datafield>
    <datafield tag="500" ind1=" " ind2=" ">
      <subfield code="a">No fulltext</subfield>
    </datafield>
    <datafield tag="500" ind1=" " ind2=" ">
      <subfield code="a">Not held by the library</subfield>
    </datafield>
    <datafield tag="502" ind1=" " ind2=" ">
      <subfield code="a">Ms : Univ. Puerto Rico : 1999</subfield>
    </datafield>
    <datafield tag="520" ind1=" " ind2=" ">
      <subfield code="a">This thesis reports on the evaluation of the use of an educational software, designed to improve student's learning of the concept of mathematical function. The students in the study were registered in Precalculus I at theUniversity of Puerto Rico, Mayaguez Campus. The educational software allows the practice of changing the representation of a function among tabular, analytic, and graphical representations. To carry the evaluation, 59 students wereselected and were divided in two groups: control and experimental. Both groups received the 'traditional' classroom lectures on the topic. The experimental group, in addition, was allowed to practice with the educational software. Tomeasure their performance and the effect of the educational software, two tests were given: a pre-test and a post-test. The results of this study shows that the experimental group improved significantly more than the control group,thus demonstrating the validity of the educational software in the learning of the concept of mathematical function.</subfield>
    </datafield>
    <datafield tag="650" ind1="1" ind2="7">
      <subfield code="2">SzGeCERN</subfield>
      <subfield code="a">Computing and Computers</subfield>
    </datafield>
  </record>