
  <record>
    <datafield tag="041" ind1=" " ind2=" ">
      <subfield code="a">eng</subfield>
    </datafield>
    <datafield tag="088" ind1=" " ind2=" ">
      <subfield code="a">LBL-28106</subfield>
    </datafield>
    <datafield tag="100" ind1=" " ind2=" ">
      <subfield code="a">Bertsche, K J</subfield>
      <subfield code="u">Calif. Univ. Berkeley</subfield>
    </datafield>
    <datafield tag="245" ind1=" " ind2=" ">
      <subfield code="a">A small low energy cyclotron for radioisotope measurements</subfield>
    </datafield>
    <datafield tag="260" ind1=" " ind2=" ">
      <subfield code="a">Berkeley, CA</subfield>
      <subfield code="b">Lawrence Berkeley Nat. Lab.</subfield>
      <subfield code="c">Nov 1989</subfield>
    </datafield>
    <datafield tag="300" ind1=" " ind2=" ">
      <subfield code="a">155 p</subfield>
    </datafield>
    <datafield tag="502" ind1=" " ind2=" ">
      <subfield code="a">Thesis : Calif. Univ. Berkeley</subfield>
    </datafield>
    <datafield tag="650" ind1="1" ind2="7">
      <subfield code="2">SzGeCERN</subfield>
      <subfield code="a">Accelerators and Storage Rings</subfield>
    </datafield>
    <datafield tag="653" ind1="1" ind2=" ">
      <subfield code="a">bibliography</subfield>
    </datafield>
  </record>