
  <record>
    <datafield tag="037" ind1=" " ind2=" ">
      <subfield code="a">gr-qc/0204045</subfield>
    </datafield>
    <datafield tag="041" ind1=" " ind2=" ">
      <subfield code="a">eng</subfield>
    </datafield>
    <datafield tag="100" ind1=" " ind2=" ">
      <subfield code="a">Khalatnikov, I M</subfield>
      <subfield code="u">L D Landau Institute for Theoretical Physics of Russian Academy of Sciences</subfield>
    </datafield>
    <datafield tag="245" ind1=" " ind2=" ">
      <subfield code="a">Comment about quasiisotropic solution of Einstein equations near cosmological singularity</subfield>
    </datafield>
    <datafield tag="260" ind1=" " ind2=" ">
      <subfield code="c">12 Apr 2002</subfield>
    </datafield>
    <datafield tag="300" ind1=" " ind2=" ">
      <subfield code="a">7 p</subfield>
    </datafield>
    <datafield tag="520" ind1=" " ind2=" ">
      <subfield code="a">We generalize for the case of arbitrary hydrodynamical matter the quasiisotropic solution of Einstein equations near cosmological singularity, found by Lifshitz and Khalatnikov in 1960 for the case of radiation-dominated universe. Itis shown that this solution always exists, but dependence of terms in the quasiisotropic expansion acquires a more complicated form.</subfield>
    </datafield>
    <datafield tag="650" ind1="1" ind2="7">
      <subfield code="2">SzGeCERN</subfield>
      <subfield code="a">General Relativity and Cosmology</subfield>
    </datafield>
    <datafield tag="700" ind1=" " ind2=" ">
      <subfield code="a">Kamenshchik, A Y</subfield>
    </datafield>
    <datafield tag="856" ind1="0" ind2=" ">
      <subfield code="f">Alexander Kamenshchik &lt;sasha.kamenshchik@centrovolta.it&gt;</subfield>
    </datafield>
  </record>