
  <record>
    <datafield tag="037" ind1=" " ind2=" ">
      <subfield code="a">gr-qc/0204046</subfield>
    </datafield>
    <datafield tag="041" ind1=" " ind2=" ">
      <subfield code="a">eng</subfield>
    </datafield>
    <datafield tag="100" ind1=" " ind2=" ">
      <subfield code="a">Bento, M C</subfield>
      <subfield code="u">CERN</subfield>
      <subfield code="0">INSTITUTE|(SzGeCERN)iii0002</subfield>
    </datafield>
    <datafield tag="245" ind1=" " ind2=" ">
      <subfield code="a">Supergravity Inflation on the Brane</subfield>
    </datafield>
    <datafield tag="260" ind1=" " ind2=" ">
      <subfield code="c">12 Apr 2002</subfield>
    </datafield>
    <datafield tag="300" ind1=" " ind2=" ">
      <subfield code="a">5 p</subfield>
    </datafield>
    <datafield tag="520" ind1=" " ind2=" ">
      <subfield code="a">We study N=1 Supergravity inflation in the context of the braneworld scenario. Particular attention is paid to the problem of the onset of inflation at sub-Planckian field values and the ensued inflationary observables. We find thatthe so-called $\eta$-problem encountered in supergravity inspired inflationary models can be solved in the context of the braneworld scenario, for some range of the parameters involved. Furthermore, we obtain an upper bound on thescale of the fifth dimension, $M_5 \lsim 10^{-3} M_P$, in case the inflationary potential is quadratic in the inflaton field, $\phi$. If the inflationary potential is cubic in $\phi$, consistency with observational data requires that$M_5 \simeq 9.2 \times 10^{-4} M_P$.</subfield>
    </datafield>
    <datafield tag="650" ind1="1" ind2="7">
      <subfield code="2">SzGeCERN</subfield>
      <subfield code="a">General Relativity and Cosmology</subfield>
    </datafield>
    <datafield tag="700" ind1=" " ind2=" ">
      <subfield code="a">Bertolami, O</subfield>
    </datafield>
    <datafield tag="700" ind1=" " ind2=" ">
      <subfield code="a">Sen, A A</subfield>
    </datafield>
    <datafield tag="856" ind1="0" ind2=" ">
      <subfield code="f">Maria da Conceicao Bento &lt;bento@sirius.ist.utl.pt&gt;</subfield>
    </datafield>
  </record>