
  <record>
    <datafield tag="037" ind1=" " ind2=" ">
      <subfield code="a">hep-th/0204098</subfield>
    </datafield>
    <datafield tag="041" ind1=" " ind2=" ">
      <subfield code="a">eng</subfield>
    </datafield>
    <datafield tag="100" ind1=" " ind2=" ">
      <subfield code="a">Alhaidari, A D</subfield>
      <subfield code="u">King Fadh University</subfield>
    </datafield>
    <datafield tag="245" ind1=" " ind2=" ">
      <subfield code="a">Reply to 'Comment on "Solution of the Relativistic Dirac-Morse Problem"'</subfield>
    </datafield>
    <datafield tag="260" ind1=" " ind2=" ">
      <subfield code="c">11 Apr 2002</subfield>
    </datafield>
    <datafield tag="520" ind1=" " ind2=" ">
      <subfield code="a">This combines a reply to the Comment [hep-th/0203067 v1] by A. N. Vaidya and R. de L. Rodrigues with an erratum to our Letter [Phys. Rev. Lett. 87, 210405 (2001)]</subfield>
    </datafield>
    <datafield tag="650" ind1="1" ind2="7">
      <subfield code="2">SzGeCERN</subfield>
      <subfield code="a">Particle Physics - Theory</subfield>
    </datafield>
    <datafield tag="856" ind1="0" ind2=" ">
      <subfield code="f">A. D. Alhaidari &lt;haidari@kfupm.edu.sa&gt;</subfield>
    </datafield>
  </record>