
  <record>
    <datafield tag="037" ind1=" " ind2=" ">
      <subfield code="a">hep-th/0204099</subfield>
    </datafield>
    <datafield tag="041" ind1=" " ind2=" ">
      <subfield code="a">eng</subfield>
    </datafield>
    <datafield tag="088" ind1=" " ind2=" ">
      <subfield code="a">CU-TP-1043</subfield>
    </datafield>
    <datafield tag="100" ind1=" " ind2=" ">
      <subfield code="a">Easther, R</subfield>
      <subfield code="u">Columbia Univ.</subfield>
    </datafield>
    <datafield tag="245" ind1=" " ind2=" ">
      <subfield code="a">Cosmological String Gas on Orbifolds</subfield>
    </datafield>
    <datafield tag="260" ind1=" " ind2=" ">
      <subfield code="a">Irvington-on-Hudson, NY</subfield>
      <subfield code="b">Columbia Univ. Dept. Phys.</subfield>
      <subfield code="c">12 Apr 2002</subfield>
    </datafield>
    <datafield tag="300" ind1=" " ind2=" ">
      <subfield code="a">14 p</subfield>
    </datafield>
    <datafield tag="520" ind1=" " ind2=" ">
      <subfield code="a">It has long been known that strings wound around incontractible cycles can play a vital role in cosmology. In particular, in a spacetime with toroidal spatial hypersurfaces, the dynamics of the winding modes may help yield threelarge spatial dimensions. However, toroidal compactifications are phenomenologically unrealistic. In this paper we therefore take a first step toward extending these cosmological considerations to $D$-dimensional toroidal orbifolds.We use numerical simulation to study the timescales over which "pseudo-wound" strings unwind on these orbifolds with trivial fundamental group. We show that pseudo-wound strings can persist for many ``Hubble times'' in some of thesespaces, suggesting that they may affect the dynamics in the same way as genuinely wound strings. We also outline some possible extensions that include higher-dimensional wrapped branes.</subfield>
    </datafield>
    <datafield tag="650" ind1="1" ind2="7">
      <subfield code="2">SzGeCERN</subfield>
      <subfield code="a">Particle Physics - Theory</subfield>
    </datafield>
    <datafield tag="700" ind1=" " ind2=" ">
      <subfield code="a">Greene, B R</subfield>
    </datafield>
    <datafield tag="700" ind1=" " ind2=" ">
      <subfield code="a">Jackson, M G</subfield>
    </datafield>
    <datafield tag="856" ind1="0" ind2=" ">
      <subfield code="f">M. G. Jackson &lt;markj@phys.columbia.edu&gt;</subfield>
    </datafield>
  </record>