
  <record>
    <datafield tag="037" ind1=" " ind2=" ">
      <subfield code="a">hep-ph/0204132</subfield>
    </datafield>
    <datafield tag="041" ind1=" " ind2=" ">
      <subfield code="a">eng</subfield>
    </datafield>
    <datafield tag="088" ind1=" " ind2=" ">
      <subfield code="a">NUC-MINN-02-3-T</subfield>
    </datafield>
    <datafield tag="100" ind1=" " ind2=" ">
      <subfield code="a">Shovkovy, I A</subfield>
      <subfield code="u">Minnesota Univ.</subfield>
    </datafield>
    <datafield tag="245" ind1=" " ind2=" ">
      <subfield code="a">Thermal conductivity of dense quark matter and cooling of stars</subfield>
    </datafield>
    <datafield tag="260" ind1=" " ind2=" ">
      <subfield code="a">Minneapolis, MN</subfield>
      <subfield code="b">Minnesota Univ.</subfield>
      <subfield code="c">11 Apr 2002</subfield>
    </datafield>
    <datafield tag="300" ind1=" " ind2=" ">
      <subfield code="a">9 p</subfield>
    </datafield>
    <datafield tag="520" ind1=" " ind2=" ">
      <subfield code="a">The thermal conductivity of the color-flavor locked phase of dense quark matter is calculated. The dominant contribution to the conductivity comes from photons and Nambu-Goldstone bosons associated with breaking of baryon numberwhich are trapped in the quark core. Because of their very large mean free path the conductivity is also very large. The cooling of the quark core arises mostly from the heat flux across the surface of direct contact with the nuclearmatter. As the thermal conductivity of the neighboring layer is also high, the whole interior of the star should be nearly isothermal. Our results imply that the cooling time of compact stars with color-flavor locked quark cores issimilar to that of ordinary neutron stars.</subfield>
    </datafield>
    <datafield tag="650" ind1="1" ind2="7">
      <subfield code="2">SzGeCERN</subfield>
      <subfield code="a">Particle Physics - Phenomenology</subfield>
    </datafield>
    <datafield tag="700" ind1=" " ind2=" ">
      <subfield code="a">Ellis, P J</subfield>
    </datafield>
    <datafield tag="856" ind1="0" ind2=" ">
      <subfield code="f">Igor Shovkovy &lt;shovkovy@physics.umn.edu&gt;</subfield>
    </datafield>
  </record>