
  <record>
    <datafield tag="037" ind1=" " ind2=" ">
      <subfield code="a">hep-ph/0204136</subfield>
    </datafield>
    <datafield tag="041" ind1=" " ind2=" ">
      <subfield code="a">eng</subfield>
    </datafield>
    <datafield tag="088" ind1=" " ind2=" ">
      <subfield code="a">FISIST-14-2001-CFIF</subfield>
    </datafield>
    <datafield tag="088" ind1=" " ind2=" ">
      <subfield code="a">IPPP-01-58</subfield>
    </datafield>
    <datafield tag="088" ind1=" " ind2=" ">
      <subfield code="a">DCPT-01-114</subfield>
    </datafield>
    <datafield tag="100" ind1=" " ind2=" ">
      <subfield code="a">Branco, G C</subfield>
      <subfield code="u">FCIF</subfield>
    </datafield>
    <datafield tag="245" ind1=" " ind2=" ">
      <subfield code="a">Supersymmetry and a rationale for small CP violating phases</subfield>
    </datafield>
    <datafield tag="260" ind1=" " ind2=" ">
      <subfield code="c">12 Apr 2002</subfield>
    </datafield>
    <datafield tag="300" ind1=" " ind2=" ">
      <subfield code="a">28 p</subfield>
    </datafield>
    <datafield tag="520" ind1=" " ind2=" ">
      <subfield code="a">We analyse the CP problem in the context of a supersymmetric extension of the standard model with universal strength of Yukawa couplings. A salient feature of these models is that the CP phases are constrained to be very small by thehierarchy of the quark masses, and the pattern of CKM mixing angles. This leads to a small amount of CP violation from the usual KM mechanism and a significant contribution from supersymmetry is required. Due to the large generationmixing in some of the supersymmetric interactions, the electric dipole moments impose severe constraints on the parameter space, forcing the trilinear couplings to be factorizable in matrix form. We find that the LL mass insertionsgive the dominant gluino contribution to saturate epsilon_K. The chargino contributions to epsilon'/epsilon are significant and can accommodate the experimental results. In this framework, the standard model gives a negligiblecontribution to the CP asymmetry in B-meson decay, a_{J/\psi K_s}. However, due to supersymmetric contributions to B_d-\bar{B}_d mixing, the recent large value of a_{J/\psi K_s} can be accommodated.</subfield>
    </datafield>
    <datafield tag="650" ind1="1" ind2="7">
      <subfield code="2">SzGeCERN</subfield>
      <subfield code="a">Particle Physics - Phenomenology</subfield>
    </datafield>
    <datafield tag="700" ind1=" " ind2=" ">
      <subfield code="a">Gomez, M E</subfield>
    </datafield>
    <datafield tag="700" ind1=" " ind2=" ">
      <subfield code="a">Khalil, S</subfield>
    </datafield>
    <datafield tag="700" ind1=" " ind2=" ">
      <subfield code="a">Teixeira, A M</subfield>
    </datafield>
    <datafield tag="856" ind1="0" ind2=" ">
      <subfield code="f">Shaaban Khalil &lt;shaaban.khalil@durham.ac.uk&gt;</subfield>
    </datafield>
  </record>