
  <record>
    <datafield tag="037" ind1=" " ind2=" ">
      <subfield code="a">hep-ph/0204137</subfield>
    </datafield>
    <datafield tag="041" ind1=" " ind2=" ">
      <subfield code="a">eng</subfield>
    </datafield>
    <datafield tag="088" ind1=" " ind2=" ">
      <subfield code="a">DO-TH-02-05</subfield>
    </datafield>
    <datafield tag="100" ind1=" " ind2=" ">
      <subfield code="a">Paschos, E A</subfield>
      <subfield code="u">Univ. Dortmund</subfield>
    </datafield>
    <datafield tag="245" ind1=" " ind2=" ">
      <subfield code="a">Leptogenesis with Majorana neutrinos</subfield>
    </datafield>
    <datafield tag="260" ind1=" " ind2=" ">
      <subfield code="a">Dortmund</subfield>
      <subfield code="b">Dortmund Univ. Inst. Phys.</subfield>
      <subfield code="c">12 Apr 2002</subfield>
    </datafield>
    <datafield tag="300" ind1=" " ind2=" ">
      <subfield code="a">6 p</subfield>
    </datafield>
    <datafield tag="520" ind1=" " ind2=" ">
      <subfield code="a">I review the origin of the lepton asymmetry which is converted to a baryon excess at the electroweak scale. This scenario becomes more attractive if we can relate it to other physical phenomena. For this reason I elaborate on theconditions of the early universe which lead to a sizable lepton asymmetry. Then I describe methods and models which relate the low energy parameters of neutrinos to the high energy (cosmological) CP-violation and to neutrinolessdouble beta-decay.</subfield>
    </datafield>
    <datafield tag="650" ind1="1" ind2="7">
      <subfield code="2">SzGeCERN</subfield>
      <subfield code="a">Particle Physics - Phenomenology</subfield>
    </datafield>
    <datafield tag="856" ind1="0" ind2=" ">
      <subfield code="f">Emmanuel A. Paschos &lt;paschos@hal1.physik.uni-dortmund.de&gt;</subfield>
    </datafield>
  </record>