
  <record>
    <datafield tag="037" ind1=" " ind2=" ">
      <subfield code="a">hep-ph/0204138</subfield>
    </datafield>
    <datafield tag="041" ind1=" " ind2=" ">
      <subfield code="a">eng</subfield>
    </datafield>
    <datafield tag="088" ind1=" " ind2=" ">
      <subfield code="a">DO-TH-02-06</subfield>
    </datafield>
    <datafield tag="100" ind1=" " ind2=" ">
      <subfield code="a">Paschos, E A</subfield>
      <subfield code="u">Univ. Dortmund</subfield>
    </datafield>
    <datafield tag="245" ind1=" " ind2=" ">
      <subfield code="a">Neutrino Interactions at Low and Medium Energies</subfield>
    </datafield>
    <datafield tag="260" ind1=" " ind2=" ">
      <subfield code="a">Dortmund</subfield>
      <subfield code="b">Dortmund Univ. Inst. Phys.</subfield>
      <subfield code="c">12 Apr 2002</subfield>
    </datafield>
    <datafield tag="300" ind1=" " ind2=" ">
      <subfield code="a">9 p</subfield>
    </datafield>
    <datafield tag="520" ind1=" " ind2=" ">
      <subfield code="a">We discuss the calculations for several neutrino induced reactions from low energies to the GeV region. Special attention is paid to nuclear corrections when the targets are medium or heavy nuclei. Finally, we present several ratiosof neutral to charged current reactions whose values on isoscalar targets can be estimated accurately. The ratios are useful for investigating neutrino oscillations in Long Baseline experiments.</subfield>
    </datafield>
    <datafield tag="650" ind1="1" ind2="7">
      <subfield code="2">SzGeCERN</subfield>
      <subfield code="a">Particle Physics - Phenomenology</subfield>
    </datafield>
    <datafield tag="856" ind1="0" ind2=" ">
      <subfield code="f">Emmanuel A. Paschos &lt;paschos@hal1.physik.uni-dortmund.de&gt;</subfield>
    </datafield>
  </record>