
  <record>
    <datafield tag="037" ind1=" " ind2=" ">
      <subfield code="a">hep-ph/0204139</subfield>
    </datafield>
    <datafield tag="041" ind1=" " ind2=" ">
      <subfield code="a">eng</subfield>
    </datafield>
    <datafield tag="100" ind1=" " ind2=" ">
      <subfield code="a">Van Beveren, E</subfield>
      <subfield code="u">University of Coimbra</subfield>
    </datafield>
    <datafield tag="245" ind1=" " ind2=" ">
      <subfield code="a">Remarks on the f_0(400-1200) scalar meson as the dynamically generated chiral partner of the pion</subfield>
    </datafield>
    <datafield tag="260" ind1=" " ind2=" ">
      <subfield code="c">12 Apr 2002</subfield>
    </datafield>
    <datafield tag="300" ind1=" " ind2=" ">
      <subfield code="a">15 p</subfield>
    </datafield>
    <datafield tag="520" ind1=" " ind2=" ">
      <subfield code="a">The quark-level linear sigma model is revisited, in particular concerning the identification of the f_0(400-1200) (or \sigma(600)) scalar meson as the chiral partner of the pion. We demonstrate the predictive power of the linearsigma model through the pi-pi and pi-N s-wave scattering lengths, as well as several electromagnetic, weak, and strong decays of pseudoscalar and vector mesons. The ease with which the data for these observables are reproduced in thelinear sigma model lends credit to the necessity to include the sigma as a fundamental q\bar{q} degree of freedom, to be contrasted with approaches like chiral perturbation theory or the confining NJL model of Shakin and Wang.</subfield>
    </datafield>
    <datafield tag="650" ind1="1" ind2="7">
      <subfield code="2">SzGeCERN</subfield>
      <subfield code="a">Particle Physics - Phenomenology</subfield>
    </datafield>
    <datafield tag="700" ind1=" " ind2=" ">
      <subfield code="a">Kleefeld, F</subfield>
    </datafield>
    <datafield tag="700" ind1=" " ind2=" ">
      <subfield code="a">Rupp, G</subfield>
    </datafield>
    <datafield tag="700" ind1=" " ind2=" ">
      <subfield code="a">Scadron, M D</subfield>
    </datafield>
    <datafield tag="856" ind1="0" ind2=" ">
      <subfield code="f">George Rupp &lt;george@ajax.ist.utl.pt&gt;</subfield>
    </datafield>
  </record>