
  <record>
    <datafield tag="037" ind1=" " ind2=" ">
      <subfield code="a">hep-ph/0204140</subfield>
    </datafield>
    <datafield tag="041" ind1=" " ind2=" ">
      <subfield code="a">eng</subfield>
    </datafield>
    <datafield tag="088" ind1=" " ind2=" ">
      <subfield code="a">CERN-TH-2002-069</subfield>
    </datafield>
    <datafield tag="088" ind1=" " ind2=" ">
      <subfield code="a">RM3-TH-02-4</subfield>
    </datafield>
    <datafield tag="100" ind1=" " ind2=" ">
      <subfield code="a">Aglietti, U</subfield>
      <subfield code="u">CERN</subfield>
      <subfield code="0">INSTITUTE|(SzGeCERN)iii0002</subfield>
    </datafield>
    <datafield tag="245" ind1=" " ind2=" ">
      <subfield code="a">A new model-independent way of extracting |V_ub/V_cb|</subfield>
    </datafield>
    <datafield tag="260" ind1=" " ind2=" ">
      <subfield code="a">Geneva</subfield>
      <subfield code="b">CERN</subfield>
      <subfield code="c">12 Apr 2002</subfield>
    </datafield>
    <datafield tag="300" ind1=" " ind2=" ">
      <subfield code="a">20 p</subfield>
    </datafield>
    <datafield tag="520" ind1=" " ind2=" ">
      <subfield code="a">The ratio between the photon spectrum in B -&gt; X_s gamma and the differential semileptonic rate wrt the hadronic variable M_X/E_X is a short-distance quantity calculable in perturbation theory and independent of the Fermi motion ofthe b quark in the B meson. We present a NLO analysis of this ratio and show how it can be used to determine |V_ub/V_cb| independently of any model for the shape function. We also discuss how this relation can be used to test thevalidity of the shape-function theory on the data.</subfield>
    </datafield>
    <datafield tag="650" ind1="1" ind2="7">
      <subfield code="2">SzGeCERN</subfield>
      <subfield code="a">Particle Physics - Phenomenology</subfield>
    </datafield>
    <datafield tag="700" ind1=" " ind2=" ">
      <subfield code="a">Ciuchini, M</subfield>
    </datafield>
    <datafield tag="700" ind1=" " ind2=" ">
      <subfield code="a">Gambino, P</subfield>
    </datafield>
    <datafield tag="856" ind1="0" ind2=" ">
      <subfield code="f">Paolo Gambino &lt;paolo.gambino@cern.ch&gt;</subfield>
    </datafield>
  </record>