
  <record>
    <datafield tag="037" ind1=" " ind2=" ">
      <subfield code="a">hep-ph/0204141</subfield>
    </datafield>
    <datafield tag="041" ind1=" " ind2=" ">
      <subfield code="a">eng</subfield>
    </datafield>
    <datafield tag="100" ind1=" " ind2=" ">
      <subfield code="a">Appelquist, T</subfield>
      <subfield code="u">Yale University</subfield>
    </datafield>
    <datafield tag="245" ind1=" " ind2=" ">
      <subfield code="a">Neutrino Masses in Theories with Dynamical Electroweak Symmetry Breaking</subfield>
    </datafield>
    <datafield tag="260" ind1=" " ind2=" ">
      <subfield code="c">12 Apr 2002</subfield>
    </datafield>
    <datafield tag="300" ind1=" " ind2=" ">
      <subfield code="a">4 p</subfield>
    </datafield>
    <datafield tag="520" ind1=" " ind2=" ">
      <subfield code="a">We address the problem of accounting for light neutrino masses in theories with dynamical electroweak symmetry breaking. As a possible solution, we embed (extended) technicolor in a theory in which a $|\Delta L|=2$ neutrinocondensate forms at a scale $\Lambda_N \gsim 10^{11}$ GeV, and produces acceptably small (Majorana) neutrino masses. We present an explicit model illustrating this mechanism.</subfield>
    </datafield>
    <datafield tag="650" ind1="1" ind2="7">
      <subfield code="2">SzGeCERN</subfield>
      <subfield code="a">Particle Physics - Phenomenology</subfield>
    </datafield>
    <datafield tag="700" ind1=" " ind2=" ">
      <subfield code="a">Shrock, R</subfield>
    </datafield>
    <datafield tag="856" ind1="0" ind2=" ">
      <subfield code="f">Robert Shrock &lt;shrock@insti.physics.sunysb.edu&gt;</subfield>
    </datafield>
  </record>