
  <record>
    <datafield tag="037" ind1=" " ind2=" ">
      <subfield code="a">hep-th/0204100</subfield>
    </datafield>
    <datafield tag="041" ind1=" " ind2=" ">
      <subfield code="a">eng</subfield>
    </datafield>
    <datafield tag="088" ind1=" " ind2=" ">
      <subfield code="a">LBNL-50097</subfield>
    </datafield>
    <datafield tag="088" ind1=" " ind2=" ">
      <subfield code="a">UCB-PTH-02-14</subfield>
    </datafield>
    <datafield tag="100" ind1=" " ind2=" ">
      <subfield code="a">Gaillard, M K</subfield>
      <subfield code="u">University of California, Berkeley</subfield>
    </datafield>
    <datafield tag="245" ind1=" " ind2=" ">
      <subfield code="a">Modular Invariant Anomalous U(1) Breaking</subfield>
    </datafield>
    <datafield tag="260" ind1=" " ind2=" ">
      <subfield code="a">Berkeley, CA</subfield>
      <subfield code="b">Lawrence Berkeley Nat. Lab.</subfield>
      <subfield code="c">11 Apr 2002</subfield>
    </datafield>
    <datafield tag="300" ind1=" " ind2=" ">
      <subfield code="a">19 p</subfield>
    </datafield>
    <datafield tag="520" ind1=" " ind2=" ">
      <subfield code="a">We describe the effective supergravity theory present below the scale of spontaneous gauge symmetry breaking due to an anomalous U(1), obtained by integrating out tree-level interactions of massive modes. A simple case is examined insome detail. We find that the effective theory can be expressed in the linear multiplet formulation, with some interesting consequences. Among them, the modified linearity conditions lead to new interactions not present in the theorywithout an anomalous U(1). These additional interactions are compactly expressed through a superfield functional.</subfield>
    </datafield>
    <datafield tag="650" ind1="1" ind2="7">
      <subfield code="2">SzGeCERN</subfield>
      <subfield code="a">Particle Physics - Theory</subfield>
    </datafield>
    <datafield tag="700" ind1=" " ind2=" ">
      <subfield code="a">Giedt, J</subfield>
    </datafield>
    <datafield tag="856" ind1="0" ind2=" ">
      <subfield code="f">Mary K Gaillard &lt;gaillard@thsrv.lbl.gov&gt;</subfield>
    </datafield>
  </record>