
  <record>
    <datafield tag="037" ind1=" " ind2=" ">
      <subfield code="a">hep-ph/0204142</subfield>
    </datafield>
    <datafield tag="041" ind1=" " ind2=" ">
      <subfield code="a">eng</subfield>
    </datafield>
    <datafield tag="100" ind1=" " ind2=" ">
      <subfield code="a">Chacko, Z</subfield>
      <subfield code="u">University of California, Berkeley</subfield>
    </datafield>
    <datafield tag="245" ind1=" " ind2=" ">
      <subfield code="a">Fine Structure Constant Variation from a Late Phase Transition</subfield>
    </datafield>
    <datafield tag="260" ind1=" " ind2=" ">
      <subfield code="a">Berkeley, CA</subfield>
      <subfield code="b">Lawrence Berkeley Nat. Lab.</subfield>
      <subfield code="c">12 Apr 2002</subfield>
    </datafield>
    <datafield tag="300" ind1=" " ind2=" ">
      <subfield code="a">9 p</subfield>
    </datafield>
    <datafield tag="520" ind1=" " ind2=" ">
      <subfield code="a">Recent experimental data indicates that the fine structure constant alpha may be varying on cosmological time scales. We consider the possibility that such a variation could be induced by a second order phase transition which occursat late times (z ~ 1 - 3) and involves a change in the vacuum expectation value (vev) of a scalar with milli-eV mass. Such light scalars are natural in supersymmetric theories with low SUSY breaking scale. If the vev of this scalarcontributes to masses of electrically charged fields, the low-energy value of alpha changes during the phase transition. The observational predictions of this scenario include isotope-dependent deviations from Newtonian gravity atsub-millimeter distances, and (if the phase transition is a sharp event on cosmological time scales) the presence of a well-defined step-like feature in the alpha(z) plot. The relation between the fractional changes in alpha and theQCD confinement scale is highly model dependent, and even in grand unified theories the change in alpha does not need to be accompanied by a large shift in nucleon masses.</subfield>
    </datafield>
    <datafield tag="650" ind1="1" ind2="7">
      <subfield code="2">SzGeCERN</subfield>
      <subfield code="a">Particle Physics - Phenomenology</subfield>
    </datafield>
    <datafield tag="700" ind1=" " ind2=" ">
      <subfield code="a">Grojean, C</subfield>
    </datafield>
    <datafield tag="700" ind1=" " ind2=" ">
      <subfield code="a">Perelstein, M</subfield>
    </datafield>
    <datafield tag="856" ind1="0" ind2=" ">
      <subfield code="f">Maxim Perelstein &lt;meperelstein@lbl.gov&gt;</subfield>
    </datafield>
  </record>