
  <record>
    <datafield tag="037" ind1=" " ind2=" ">
      <subfield code="a">hep-ph/0204143</subfield>
    </datafield>
    <datafield tag="041" ind1=" " ind2=" ">
      <subfield code="a">eng</subfield>
    </datafield>
    <datafield tag="100" ind1=" " ind2=" ">
      <subfield code="a">Domin, P</subfield>
      <subfield code="u">Comenius University</subfield>
    </datafield>
    <datafield tag="245" ind1=" " ind2=" ">
      <subfield code="a">Phenomenological Study of Solar-Neutrino Induced Double Beta Decay of Mo100</subfield>
    </datafield>
    <datafield tag="260" ind1=" " ind2=" ">
      <subfield code="c">12 Apr 2002</subfield>
    </datafield>
    <datafield tag="300" ind1=" " ind2=" ">
      <subfield code="a">8 p</subfield>
    </datafield>
    <datafield tag="520" ind1=" " ind2=" ">
      <subfield code="a">The detection of solar-neutrinos of different origin via induced beta beta process of Mo100 is investigated. The particular counting rates and energy distributions of emitted electrons are presented. A discussion in respect tosolar-neutrino detector consisting of 10 tones of Mo100 is included. Both the cases of the standard solar model and neutrino oscillation scenarios are analyzed. Moreover, new beta^- beta^+ and beta^-/EC channels of the double-betaprocess are introduced and possibilities of their experimental observation are addressed.</subfield>
    </datafield>
    <datafield tag="650" ind1="1" ind2="7">
      <subfield code="2">SzGeCERN</subfield>
      <subfield code="a">Particle Physics - Phenomenology</subfield>
    </datafield>
    <datafield tag="700" ind1=" " ind2=" ">
      <subfield code="a">Simkovic, F</subfield>
    </datafield>
    <datafield tag="700" ind1=" " ind2=" ">
      <subfield code="a">Semenov, S V</subfield>
    </datafield>
    <datafield tag="700" ind1=" " ind2=" ">
      <subfield code="a">Gaponov, Y V</subfield>
    </datafield>
    <datafield tag="856" ind1="0" ind2=" ">
      <subfield code="f">Pavol Domin &lt;domin@chavena.dnp.fmph.uniba.sk&gt;</subfield>
    </datafield>
  </record>