
  <record>
    <datafield tag="037" ind1=" " ind2=" ">
      <subfield code="a">hep-th/0204101</subfield>
    </datafield>
    <datafield tag="041" ind1=" " ind2=" ">
      <subfield code="a">eng</subfield>
    </datafield>
    <datafield tag="088" ind1=" " ind2=" ">
      <subfield code="a">CSULB-PA-02-2</subfield>
    </datafield>
    <datafield tag="100" ind1=" " ind2=" ">
      <subfield code="a">Nishino, H</subfield>
      <subfield code="u">California State University</subfield>
    </datafield>
    <datafield tag="245" ind1=" " ind2=" ">
      <subfield code="a">Axisymmetric Gravitational Solutions as Possible Classical Backgrounds around Closed String Mass Distributions</subfield>
    </datafield>
    <datafield tag="260" ind1=" " ind2=" ">
      <subfield code="c">12 Apr 2002</subfield>
    </datafield>
    <datafield tag="300" ind1=" " ind2=" ">
      <subfield code="a">15 p</subfield>
    </datafield>
    <datafield tag="520" ind1=" " ind2=" ">
      <subfield code="a">By studying singularities in stationary axisymmetric Kerr and Tomimatsu-Sato solutions with distortion parameter \d = 2, 3, ... in general relativity, we conclude that these singularities can be regarded as nothing other than closedstring-like circular mass distributions. We use two different regularizations to identify \d-function type singularities in the energy-momentum tensor for these solutions, realizing a regulator independent result. This result givessupporting evidence that these axisymmetric exact solutions may well be the classical solutions around closed string-like mass distributions, just like Schwarzschild solution corresponding to a point mass distribution. In otherwords, these axisymmetric exact solutions may well provide the classical backgrounds around closed strings.</subfield>
    </datafield>
    <datafield tag="650" ind1="1" ind2="7">
      <subfield code="2">SzGeCERN</subfield>
      <subfield code="a">Particle Physics - Theory</subfield>
    </datafield>
    <datafield tag="700" ind1=" " ind2=" ">
      <subfield code="a">Rajpoot, S</subfield>
    </datafield>
    <datafield tag="856" ind1="0" ind2=" ">
      <subfield code="f">Hitoshi Nishino &lt;hnishino@csulb.edu&gt;</subfield>
    </datafield>
  </record>