
  <record>
    <datafield tag="037" ind1=" " ind2=" ">
      <subfield code="a">hep-th/0204102</subfield>
    </datafield>
    <datafield tag="041" ind1=" " ind2=" ">
      <subfield code="a">eng</subfield>
    </datafield>
    <datafield tag="100" ind1=" " ind2=" ">
      <subfield code="a">Bo-Yu, H</subfield>
      <subfield code="u">Northwest University, China</subfield>
    </datafield>
    <datafield tag="245" ind1=" " ind2=" ">
      <subfield code="a">Soliton on Noncommutative Orbifold $ T^2/Z_k $</subfield>
    </datafield>
    <datafield tag="260" ind1=" " ind2=" ">
      <subfield code="c">12 Apr 2002</subfield>
    </datafield>
    <datafield tag="300" ind1=" " ind2=" ">
      <subfield code="a">13 p</subfield>
    </datafield>
    <datafield tag="520" ind1=" " ind2=" ">
      <subfield code="a">Following the construction of the projection operators on $ T^2 $ presented by Gopakumar, Headrick and Spradin, we construct the projection operators on the integral noncommutative orbifold $ T^2/G (G=Z_k,k=2, 3, 4, 6)$. Suchoperators are expressed by a function on this orbifold. So it provides a complete set of projection operators upon the moduli space $T^2 \times K/Z_k$. All these operators has the same trace 1/A ($A$ is an integer). Since theprojection operators correspond to solitons in noncommutative string field theory, we obtained the explicit expression of all the soliton solutions on $ T^2/Z_k $.</subfield>
    </datafield>
    <datafield tag="650" ind1="1" ind2="7">
      <subfield code="2">SzGeCERN</subfield>
      <subfield code="a">Particle Physics - Theory</subfield>
    </datafield>
    <datafield tag="700" ind1=" " ind2=" ">
      <subfield code="a">Kangjie, S</subfield>
    </datafield>
    <datafield tag="700" ind1=" " ind2=" ">
      <subfield code="a">Zhan-ying, Y</subfield>
    </datafield>
    <datafield tag="856" ind1="0" ind2=" ">
      <subfield code="f">Zhanying Yang &lt;yzy@phy.nwu.edu.cn&gt;</subfield>
    </datafield>
  </record>