
  <record>
    <datafield tag="037" ind1=" " ind2=" ">
      <subfield code="a">hep-th/0003289</subfield>
    </datafield>
    <datafield tag="041" ind1=" " ind2=" ">
      <subfield code="a">eng</subfield>
    </datafield>
    <datafield tag="088" ind1=" " ind2=" ">
      <subfield code="a">PUPT-1926</subfield>
    </datafield>
    <datafield tag="100" ind1=" " ind2=" ">
      <subfield code="a">Costa, M S</subfield>
      <subfield code="u">Princeton University</subfield>
    </datafield>
    <datafield tag="245" ind1=" " ind2=" ">
      <subfield code="a">A Test of the AdS/CFT Duality on the Coulomb Branch</subfield>
    </datafield>
    <datafield tag="260" ind1=" " ind2=" ">
      <subfield code="a">Princeton, NJ</subfield>
      <subfield code="b">Princeton Univ. Joseph-Henry Lab. Phys.</subfield>
      <subfield code="c">31 Mar 2000</subfield>
    </datafield>
    <datafield tag="300" ind1=" " ind2=" ">
      <subfield code="a">11 p</subfield>
    </datafield>
    <datafield tag="520" ind1=" " ind2=" ">
      <subfield code="a">We consider the N=4 SU(N) Super Yang Mills theory on the Coulomb branch with gauge symmetry broken to S(U(N_1)*U(N_2)). By integrating the W particles, the effective action near the IR SU(N_i) conformal fixed points is seen to be adeformation of the Super Yang Mills theory by a non-renormalized, irrelevant, dimension 8 operator. The correction to the two-point function of the dilaton field dual operator near the IR is related to a three-point function ofchiral primary operators at the conformal fixed points and agrees with the classical gravity prediction, including the numerical factor.</subfield>
    </datafield>
    <datafield tag="650" ind1="1" ind2="7">
      <subfield code="2">SzGeCERN</subfield>
      <subfield code="a">Particle Physics - Theory</subfield>
    </datafield>
    <datafield tag="856" ind1="0" ind2=" ">
      <subfield code="f">Miguel S Costa &lt;miguel@feynman.princeton.edu&gt;</subfield>
    </datafield>
  </record>