
  <record>
    <datafield tag="037" ind1=" " ind2=" ">
      <subfield code="a">hep-th/0003291</subfield>
    </datafield>
    <datafield tag="041" ind1=" " ind2=" ">
      <subfield code="a">eng</subfield>
    </datafield>
    <datafield tag="100" ind1=" " ind2=" ">
      <subfield code="a">McInnes, B</subfield>
      <subfield code="u">National University of Singapore</subfield>
    </datafield>
    <datafield tag="245" ind1=" " ind2=" ">
      <subfield code="a">AdS/CFT For Non-Boundary Manifolds</subfield>
    </datafield>
    <datafield tag="520" ind1=" " ind2=" ">
      <subfield code="a">In its Euclidean formulation, the AdS/CFT correspondence begins as a study of Yang-Mills conformal field theories on the sphere, S^4. It has been successfully extended, however, to S^1 X S^3 and to the torus T^4. It is natural tohope that it can be made to work for any manifold on which it is possible to define a stable Yang-Mills conformal field theory. We consider a possible classification of such manifolds, and show how to deal with the most obviousobjection : the existence of manifolds which cannot be represented as boundaries. We confirm Witten's suggestion that this can be done with the help of a brane in the bulk.</subfield>
    </datafield>
    <datafield tag="650" ind1="1" ind2="7">
      <subfield code="2">SzGeCERN</subfield>
      <subfield code="a">Particle Physics - Theory</subfield>
    </datafield>
    <datafield tag="856" ind1="0" ind2=" ">
      <subfield code="f">Brett McInnes &lt;matmcinn@nus.edu.sg&gt;</subfield>
    </datafield>
  </record>