
  <record>
    <datafield tag="037" ind1=" " ind2=" ">
      <subfield code="a">hep-th/0003294</subfield>
    </datafield>
    <datafield tag="041" ind1=" " ind2=" ">
      <subfield code="a">eng</subfield>
    </datafield>
    <datafield tag="100" ind1=" " ind2=" ">
      <subfield code="a">Matsubara, K</subfield>
      <subfield code="u">Uppsala University</subfield>
    </datafield>
    <datafield tag="245" ind1=" " ind2=" ">
      <subfield code="a">Restrictions on Gauge Groups in Noncommutative Gauge Theory</subfield>
    </datafield>
    <datafield tag="520" ind1=" " ind2=" ">
      <subfield code="a">We show that the gauge groups SU(N), SO(N) and Sp(N) cannot be realized on a flat noncommutative manifold, while it is possible for U(N).</subfield>
    </datafield>
    <datafield tag="650" ind1="1" ind2="7">
      <subfield code="2">SzGeCERN</subfield>
      <subfield code="a">Particle Physics - Theory</subfield>
    </datafield>
    <datafield tag="856" ind1="0" ind2=" ">
      <subfield code="f">Keizo Matsubara &lt;keizo.matsubara@teorfys.uu.se&gt;</subfield>
    </datafield>
  </record>