
  <record>
    <datafield tag="037" ind1=" " ind2=" ">
      <subfield code="a">hep-th/0003295</subfield>
    </datafield>
    <datafield tag="041" ind1=" " ind2=" ">
      <subfield code="a">eng</subfield>
    </datafield>
    <datafield tag="100" ind1=" " ind2=" ">
      <subfield code="a">Wang, B</subfield>
      <subfield code="u">Fudan University</subfield>
    </datafield>
    <datafield tag="245" ind1=" " ind2=" ">
      <subfield code="a">Quasinormal modes of Reissner-Nordstrom Anti-de Sitter Black Holes</subfield>
    </datafield>
    <datafield tag="520" ind1=" " ind2=" ">
      <subfield code="a">Complex frequencies associated with quasinormal modes for large Reissner-Nordstr$\ddot{o}$m Anti-de Sitter black holes have been computed. These frequencies have close relation to the black hole charge and do not linearly scale withthe black hole temperature as in Schwarzschild Anti-de Sitter case. In terms of AdS/CFT correspondence, we found that the bigger the black hole charge is, the quicker for the approach to thermal equilibrium in the CFT. The propertiesof quasinormal modes for $l&gt;0$ have also been studied.</subfield>
    </datafield>
    <datafield tag="650" ind1="1" ind2="7">
      <subfield code="2">SzGeCERN</subfield>
      <subfield code="a">Particle Physics - Theory</subfield>
    </datafield>
    <datafield tag="700" ind1=" " ind2=" ">
      <subfield code="a">Lin, C Y</subfield>
    </datafield>
    <datafield tag="700" ind1=" " ind2=" ">
      <subfield code="a">Abdalla, E</subfield>
    </datafield>
    <datafield tag="856" ind1="0" ind2=" ">
      <subfield code="f">Elcio Abdalla &lt;eabdalla@fma.if.usp.br&gt;</subfield>
    </datafield>
  </record>