
  <record>
    <controlfield tag="003">SzGeCERN</controlfield>
    <datafield tag="035" ind1=" " ind2=" ">
      <subfield code="a">2345180CERCER</subfield>
    </datafield>
    <datafield tag="035" ind1=" " ind2=" ">
      <subfield code="a">5278333</subfield>
    </datafield>
    <datafield tag="037" ind1=" " ind2=" ">
      <subfield code="a">hep-th/0210114</subfield>
    </datafield>
    <datafield tag="041" ind1=" " ind2=" ">
      <subfield code="a">eng</subfield>
    </datafield>
    <datafield tag="100" ind1=" " ind2=" ">
      <subfield code="a">Klebanov, Igor R</subfield>
      <subfield code="u">Princeton University</subfield>
    </datafield>
    <datafield tag="245" ind1=" " ind2=" ">
      <subfield code="a">AdS Dual of the Critical O(N) Vector Model</subfield>
    </datafield>
    <datafield tag="260" ind1=" " ind2=" ">
      <subfield code="c">2002</subfield>
    </datafield>
    <datafield tag="300" ind1=" " ind2=" ">
      <subfield code="a">11 p</subfield>
    </datafield>
    <datafield tag="520" ind1=" " ind2=" ">
      <subfield code="a">We suggest a general relation between theories of infinite number of higher-spin massless gauge fields in $AdS_{d+1}$ and large $N$ conformal theories in $d$ dimensions containing $N$-component vector fields. In particular, we propose that the singlet sector of the well-known critical 3-d O(N) model with the $(\phi^a \phi^a)^2$ interaction is dual, in the large $N$ limit, to the minimal bosonic theory in $AdS_4$ containing massless gauge fields of even spin.</subfield>
    </datafield>
    <datafield tag="650" ind1="1" ind2="7">
      <subfield code="2">SzGeCERN</subfield>
      <subfield code="a">Particle Physics - Theory</subfield>
    </datafield>
    <datafield tag="700" ind1=" " ind2=" ">
      <subfield code="a">Polyakov, A M</subfield>
    </datafield>
  </record>