
  <record>
    <controlfield tag="003">SzGeCERN</controlfield>
    <datafield tag="035" ind1=" " ind2=" ">
      <subfield code="a">2307939CERCER</subfield>
    </datafield>
    <datafield tag="035" ind1=" " ind2=" ">
      <subfield code="a">4923022</subfield>
    </datafield>
    <datafield tag="037" ind1=" " ind2=" ">
      <subfield code="a">hep-th/0205061</subfield>
    </datafield>
    <datafield tag="041" ind1=" " ind2=" ">
      <subfield code="a">eng</subfield>
    </datafield>
    <datafield tag="088" ind1=" " ind2=" ">
      <subfield code="a">DSF-2002-11</subfield>
    </datafield>
    <datafield tag="088" ind1=" " ind2=" ">
      <subfield code="a">QMUL-PH-2002-11</subfield>
    </datafield>
    <datafield tag="100" ind1=" " ind2=" ">
      <subfield code="a">Martelli, D</subfield>
      <subfield code="u">University of London</subfield>
    </datafield>
    <datafield tag="245" ind1=" " ind2=" ">
      <subfield code="a">Holographic Renormalization and Ward Identities with the Hamilton-Jacobi Method</subfield>
    </datafield>
    <datafield tag="260" ind1=" " ind2=" ">
      <subfield code="c">2003</subfield>
    </datafield>
    <datafield tag="300" ind1=" " ind2=" ">
      <subfield code="a">31 p</subfield>
    </datafield>
    <datafield tag="520" ind1=" " ind2=" ">
      <subfield code="a">A systematic procedure for performing holographic renormalization, which makes use of the Hamilton-Jacobi method, is proposed and applied to a bulk theory of gravity interacting with a scalar field and a U(1) gauge field in the Stueckelberg formalism. We describe how the power divergences are obtained as solutions of a set of "descent equations" stemming from the radial Hamiltonian constraint of the theory. In addition, we isolate the logarithmic divergences, which are closely related to anomalies. The method allows to determine also the exact one-point functions of the dual field theory. Using the other Hamiltonian constraints of the bulk theory, we derive the Ward identities for diffeomorphisms and gauge invariance. In particular, we demonstrate the breaking of U(1)_R current conservation, recovering the holographic chiral anomaly recently discussed in hep-th/0112119 and hep-th/0202056.</subfield>
    </datafield>
    <datafield tag="650" ind1="1" ind2="7">
      <subfield code="2">SzGeCERN</subfield>
      <subfield code="a">Particle Physics - Theory</subfield>
    </datafield>
    <datafield tag="700" ind1=" " ind2=" ">
      <subfield code="a">Mück, W</subfield>
    </datafield>
    <datafield tag="720" ind1=" " ind2=" ">
      <subfield code="a">Martelli, Dario</subfield>
    </datafield>
    <datafield tag="720" ind1=" " ind2=" ">
      <subfield code="a">Mueck, Wolfgang</subfield>
    </datafield>
  </record>