
  <record>
    <controlfield tag="003">SzGeCERN</controlfield>
    <datafield tag="035" ind1=" " ind2=" ">
      <subfield code="a">2341644CERCER</subfield>
    </datafield>
    <datafield tag="035" ind1=" " ind2=" ">
      <subfield code="a">5208424</subfield>
    </datafield>
    <datafield tag="037" ind1=" " ind2=" ">
      <subfield code="a">hep-th/0209226</subfield>
    </datafield>
    <datafield tag="041" ind1=" " ind2=" ">
      <subfield code="a">eng</subfield>
    </datafield>
    <datafield tag="088" ind1=" " ind2=" ">
      <subfield code="a">PUTP-2002-48</subfield>
    </datafield>
    <datafield tag="088" ind1=" " ind2=" ">
      <subfield code="a">SLAC-PUB-9504</subfield>
    </datafield>
    <datafield tag="088" ind1=" " ind2=" ">
      <subfield code="a">SU-ITP-2002-36</subfield>
    </datafield>
    <datafield tag="100" ind1=" " ind2=" ">
      <subfield code="a">Adams, A</subfield>
      <subfield code="u">Stanford University</subfield>
    </datafield>
    <datafield tag="245" ind1=" " ind2=" ">
      <subfield code="a">Decapitating Tadpoles</subfield>
    </datafield>
    <datafield tag="260" ind1=" " ind2=" ">
      <subfield code="c">2002</subfield>
    </datafield>
    <datafield tag="300" ind1=" " ind2=" ">
      <subfield code="a">31 p</subfield>
    </datafield>
    <datafield tag="520" ind1=" " ind2=" ">
      <subfield code="a">We argue that perturbative quantum field theory and string theory can be consistently modified in the infrared to eliminate, in a radiatively stable manner, tadpole instabilities that arise after supersymmetry breaking. This is achieved by deforming the propagators of classically massless scalar fields and the graviton so as to cancel the contribution of their zero modes. In string theory, this modification of propagators is accomplished by perturbatively deforming the world-sheet action with bi-local operators similar to those that arise in double-trace deformations of AdS/CFT. This results in a perturbatively finite and unitary S-matrix (in the case of string theory, this claim depends on standard assumptions about unitarity in covariant string diagrammatics). The S-matrix is parameterized by arbitrary scalar VEVs, which exacerbates the vacuum degeneracy problem. However, for generic values of these parameters, quantum effects produce masses for the nonzero modes of the scalars, lifting the fluctuating components of the moduli.</subfield>
    </datafield>
    <datafield tag="650" ind1="1" ind2="7">
      <subfield code="2">SzGeCERN</subfield>
      <subfield code="a">Particle Physics - Theory</subfield>
    </datafield>
    <datafield tag="700" ind1=" " ind2=" ">
      <subfield code="a">McGreevy, J</subfield>
    </datafield>
    <datafield tag="700" ind1=" " ind2=" ">
      <subfield code="a">Silverstein, E</subfield>
    </datafield>
    <datafield tag="720" ind1=" " ind2=" ">
      <subfield code="a">Adams, Allan</subfield>
    </datafield>
    <datafield tag="720" ind1=" " ind2=" ">
      <subfield code="a">Greevy, John Mc</subfield>
    </datafield>
    <datafield tag="720" ind1=" " ind2=" ">
      <subfield code="a">Silverstein, Eva</subfield>
    </datafield>
  </record>