
  <record>
    <controlfield tag="003">SzGeCERN</controlfield>
    <datafield tag="035" ind1=" " ind2=" ">
      <subfield code="a">2342206CERCER</subfield>
    </datafield>
    <datafield tag="035" ind1=" " ind2=" ">
      <subfield code="a">5224543</subfield>
    </datafield>
    <datafield tag="037" ind1=" " ind2=" ">
      <subfield code="a">hep-th/0209257</subfield>
    </datafield>
    <datafield tag="041" ind1=" " ind2=" ">
      <subfield code="a">eng</subfield>
    </datafield>
    <datafield tag="100" ind1=" " ind2=" ">
      <subfield code="a">Berkooz, M</subfield>
      <subfield code="u">The Weizmann Inst. of Science</subfield>
    </datafield>
    <datafield tag="245" ind1=" " ind2=" ">
      <subfield code="a">Double Trace Deformations, Infinite Extra Dimensions and Supersymmetry Breaking</subfield>
    </datafield>
    <datafield tag="260" ind1=" " ind2=" ">
      <subfield code="c">2002</subfield>
    </datafield>
    <datafield tag="300" ind1=" " ind2=" ">
      <subfield code="a">22 p</subfield>
    </datafield>
    <datafield tag="520" ind1=" " ind2=" ">
      <subfield code="a">It was recently shown how to break supersymmetry in certain $AdS_3$ spaces, without destabilizing the background, by using a ``double trace'' deformation which localizes on the boundary of space-time. By viewing spatial sections of $AdS_3$ as a compactification space, one can convert this into a SUSY breaking mechanism which exists uniformly throughout a large 3+1 dimensional space-time, without generating any dangerous tadpoles. This is a generalization of a Visser type infinite extra dimensions compactification. Although the model is not Lorentz invariant, the dispersion relation is relativistic at high enough momenta, and it can be arranged such that at the same kinematical regime the energy difference between between former members of a SUSY multiplet is large.</subfield>
    </datafield>
    <datafield tag="650" ind1="1" ind2="7">
      <subfield code="2">SzGeCERN</subfield>
      <subfield code="a">Particle Physics - Theory</subfield>
    </datafield>
    <datafield tag="720" ind1=" " ind2=" ">
      <subfield code="a">Berkooz, Micha</subfield>
    </datafield>
  </record>