
  <record>
    <controlfield tag="003">SzGeCERN</controlfield>
    <datafield tag="035" ind1=" " ind2=" ">
      <subfield code="a">2344398</subfield>
    </datafield>
    <datafield tag="035" ind1=" " ind2=" ">
      <subfield code="a">5256739</subfield>
    </datafield>
    <datafield tag="037" ind1=" " ind2=" ">
      <subfield code="a">hep-th/0210075</subfield>
    </datafield>
    <datafield tag="041" ind1=" " ind2=" ">
      <subfield code="a">eng</subfield>
    </datafield>
    <datafield tag="088" ind1=" " ind2=" ">
      <subfield code="a">SISSA-2002-64-EP</subfield>
    </datafield>
    <datafield tag="100" ind1=" " ind2=" ">
      <subfield code="a">Borunda, M</subfield>
      <subfield code="u">INFN</subfield>
    </datafield>
    <datafield tag="245" ind1=" " ind2=" ">
      <subfield code="a">On the quantum stability of IIB orbifolds and orientifolds with Scherk-Schwarz SUSY breaking</subfield>
    </datafield>
    <datafield tag="260" ind1=" " ind2=" ">
      <subfield code="c">2003</subfield>
    </datafield>
    <datafield tag="300" ind1=" " ind2=" ">
      <subfield code="a">26 p</subfield>
    </datafield>
    <datafield tag="520" ind1=" " ind2=" ">
      <subfield code="a">We study the quantum stability of Type IIB orbifold and orientifold string models in various dimensions, including Melvin backgrounds, where supersymmetry (SUSY) is broken {\it \`a la} Scherk-Schwarz (SS) by twisting periodicity conditions along a circle of radius R. In particular, we compute the R-dependence of the one-loop induced vacuum energy density $\rho(R)$, or cosmological constant. For SS twists different from Z2 we always find, for both orbifolds and orientifolds, a monotonic $\rho(R)&lt;0$, eventually driving the system to a tachyonic instability. For Z2 twists, orientifold models can have a different behavior, leading either to a runaway decompactification limit or to a negative minimum at a finite value R_0. The last possibility is obtained for a 4D chiral orientifold model where a more accurate but yet preliminary analysis seems to indicate that $R_0\to \infty$ or towards the tachyonic instability, as the dependence on the other geometric moduli is included.</subfield>
    </datafield>
    <datafield tag="650" ind1="1" ind2="7">
      <subfield code="2">SzGeCERN</subfield>
      <subfield code="a">Particle Physics - Theory</subfield>
    </datafield>
    <datafield tag="700" ind1=" " ind2=" ">
      <subfield code="a">Serone, M</subfield>
    </datafield>
    <datafield tag="700" ind1=" " ind2=" ">
      <subfield code="a">Trapletti, M</subfield>
    </datafield>
  </record>