
  <record>
    <controlfield tag="003">SzGeCERN</controlfield>
    <datafield tag="035" ind1=" " ind2=" ">
      <subfield code="a">2356302CERCER</subfield>
    </datafield>
    <datafield tag="035" ind1=" " ind2=" ">
      <subfield code="a">5423422</subfield>
    </datafield>
    <datafield tag="037" ind1=" " ind2=" ">
      <subfield code="a">hep-th/0212181</subfield>
    </datafield>
    <datafield tag="041" ind1=" " ind2=" ">
      <subfield code="a">eng</subfield>
    </datafield>
    <datafield tag="100" ind1=" " ind2=" ">
      <subfield code="a">Girardello, L</subfield>
      <subfield code="u">Universita di Milano-Bicocca</subfield>
    </datafield>
    <datafield tag="245" ind1=" " ind2=" ">
      <subfield code="a">3-D Interacting CFTs and Generalized Higgs Phenomenon in Higher Spin Theories on AdS</subfield>
    </datafield>
    <datafield tag="260" ind1=" " ind2=" ">
      <subfield code="c">2003</subfield>
    </datafield>
    <datafield tag="300" ind1=" " ind2=" ">
      <subfield code="a">8 p</subfield>
    </datafield>
    <datafield tag="520" ind1=" " ind2=" ">
      <subfield code="a">We study a duality, recently conjectured by Klebanov and Polyakov, between higher-spin theories on AdS_4 and O(N) vector models in 3-d. These theories are free in the UV and interacting in the IR. At the UV fixed point, the O(N) model has an infinite number of higher-spin conserved currents. In the IR, these currents are no longer conserved for spin s&gt;2. In this paper, we show that the dual interpretation of this fact is that all fields of spin s&gt;2 in AdS_4 become massive by a Higgs mechanism, that leaves the spin-2 field massless. We identify the Higgs field and show how it relates to the RG flow connecting the two CFTs, which is induced by a double trace deformation.</subfield>
    </datafield>
    <datafield tag="650" ind1="1" ind2="7">
      <subfield code="2">SzGeCERN</subfield>
      <subfield code="a">Particle Physics - Theory</subfield>
    </datafield>
    <datafield tag="700" ind1=" " ind2=" ">
      <subfield code="a">Porrati, Massimo</subfield>
    </datafield>
    <datafield tag="700" ind1=" " ind2=" ">
      <subfield code="a">Zaffaroni, A</subfield>
    </datafield>
  </record>