
  <record>
    <controlfield tag="003">SzGeCERN</controlfield>
    <controlfield tag="005">20041129103619.0</controlfield>
    <datafield tag="035" ind1=" " ind2=" ">
      <subfield code="a">2357700CERCER</subfield>
    </datafield>
    <datafield tag="035" ind1=" " ind2=" ">
      <subfield code="a">5435544</subfield>
    </datafield>
    <datafield tag="037" ind1=" " ind2=" ">
      <subfield code="a">hep-th/0212314</subfield>
    </datafield>
    <datafield tag="041" ind1=" " ind2=" ">
      <subfield code="a">eng</subfield>
    </datafield>
    <datafield tag="088" ind1=" " ind2=" ">
      <subfield code="a">KUNS-1817</subfield>
    </datafield>
    <datafield tag="088" ind1=" " ind2=" ">
      <subfield code="a">YITP-2002-73</subfield>
    </datafield>
    <datafield tag="088" ind1=" " ind2=" ">
      <subfield code="a">TAUP-2719</subfield>
    </datafield>
    <datafield tag="100" ind1=" " ind2=" ">
      <subfield code="a">Fukuma, M</subfield>
      <subfield code="u">Kyoto University</subfield>
    </datafield>
    <datafield tag="245" ind1=" " ind2=" ">
      <subfield code="a">Holographic Renormalization Group</subfield>
    </datafield>
    <datafield tag="260" ind1=" " ind2=" ">
      <subfield code="c">2003</subfield>
    </datafield>
    <datafield tag="300" ind1=" " ind2=" ">
      <subfield code="a">90 p</subfield>
    </datafield>
    <datafield tag="520" ind1=" " ind2=" ">
      <subfield code="a">The holographic renormalization group (RG) is reviewed in a self-contained manner. The holographic RG is based on the idea that the radial coordinate of a space-time with asymptotically AdS geometry can be identified with the RG flow parameter of the boundary field theory. After briefly discussing basic aspects of the AdS/CFT correspondence, we explain how the notion of the holographic RG comes out in the AdS/CFT correspondence. We formulate the holographic RG based on the Hamilton-Jacobi equations for bulk systems of gravity and scalar fields, as was introduced by de Boer, Verlinde and Verlinde. We then show that the equations can be solved with a derivative expansion by carefully extracting local counterterms from the generating functional of the boundary field theory. The calculational methods to obtain the Weyl anomaly and scaling dimensions are presented and applied to the RG flow from the N=4 SYM to an N=1 superconformal fixed point discovered by Leigh and Strassler. We further discuss a relation between the holographic RG and the noncritical string theory, and show that the structure of the holographic RG should persist beyond the supergravity approximation as a consequence of the renormalizability of the nonlinear sigma model action of noncritical strings. As a check, we investigate the holographic RG structure of higher-derivative gravity systems, and show that such systems can also be analyzed based on the Hamilton-Jacobi equations, and that the behaviour of bulk fields are determined solely by their boundary values. We also point out that higher-derivative gravity systems give rise to new multicritical points in the parameter space of the boundary field theories.</subfield>
    </datafield>
    <datafield tag="650" ind1="1" ind2="7">
      <subfield code="2">SzGeCERN</subfield>
      <subfield code="a">Particle Physics - Theory</subfield>
    </datafield>
    <datafield tag="700" ind1=" " ind2=" ">
      <subfield code="a">Matsuura, S</subfield>
    </datafield>
    <datafield tag="700" ind1=" " ind2=" ">
      <subfield code="a">Sakai, T</subfield>
    </datafield>
    <datafield tag="720" ind1=" " ind2=" ">
      <subfield code="a">Fukuma, Masafumi</subfield>
    </datafield>
    <datafield tag="720" ind1=" " ind2=" ">
      <subfield code="a">Matsuura, So</subfield>
    </datafield>
    <datafield tag="720" ind1=" " ind2=" ">
      <subfield code="a">Sakai, Tadakatsu</subfield>
    </datafield>
  </record>