
  <record>
    <controlfield tag="003">SzGeCERN</controlfield>
    <datafield tag="037" ind1=" " ind2=" ">
      <subfield code="a">hep-th/0307041</subfield>
    </datafield>
    <datafield tag="041" ind1=" " ind2=" ">
      <subfield code="a">eng</subfield>
    </datafield>
    <datafield tag="100" ind1=" " ind2=" ">
      <subfield code="a">Witten, Edward</subfield>
      <subfield code="u">Princeton University</subfield>
    </datafield>
    <datafield tag="245" ind1=" " ind2=" ">
      <subfield code="a">SL(2,Z) Action On Three-Dimensional Conformal Field Theories With Abelian Symmetry</subfield>
    </datafield>
    <datafield tag="260" ind1=" " ind2=" ">
      <subfield code="c">2003</subfield>
    </datafield>
    <datafield tag="300" ind1=" " ind2=" ">
      <subfield code="a">24 p</subfield>
    </datafield>
    <datafield tag="520" ind1=" " ind2=" ">
      <subfield code="a">On the space of three-dimensional conformal field theories with U(1) symmetry and a chosen coupling to a background gauge field, there is a natural action of the group SL(2,Z). The generator S of SL(2,Z) acts by letting the background gauge field become dynamical, an operation considered recently by Kapustin and Strassler. The other generator T acts by shifting the Chern-Simons coupling of the background field. This SL(2,Z) action in three dimensions is related by the AdS/CFT correspondence to SL(2,Z) duality of low energy U(1) gauge fields in four dimensions.</subfield>
    </datafield>
    <datafield tag="650" ind1="1" ind2="7">
      <subfield code="2">SzGeCERN</subfield>
      <subfield code="a">Particle Physics - Theory</subfield>
    </datafield>
    <datafield tag="720" ind1=" " ind2=" ">
      <subfield code="a">Witten, Edward</subfield>
    </datafield>
  </record>