
  <record>
    <controlfield tag="003">SzGeCERN</controlfield>
    <controlfield tag="005">20070403111954.0</controlfield>
    <datafield tag="037" ind1=" " ind2=" ">
      <subfield code="a">hep-th/0402130</subfield>
    </datafield>
    <datafield tag="041" ind1=" " ind2=" ">
      <subfield code="a">eng</subfield>
    </datafield>
    <datafield tag="088" ind1=" " ind2=" ">
      <subfield code="a">NYU-TH-2004-02-17</subfield>
    </datafield>
    <datafield tag="100" ind1=" " ind2=" ">
      <subfield code="a">Dvali, G</subfield>
      <subfield code="u">New York University</subfield>
    </datafield>
    <datafield tag="245" ind1=" " ind2=" ">
      <subfield code="a">Filtering Gravity: Modification at Large Distances?</subfield>
    </datafield>
    <datafield tag="246" ind1=" " ind2=" ">
      <subfield code="a">Infrared Modification of Gravity</subfield>
      <subfield code="i">Preprint title</subfield>
    </datafield>
    <datafield tag="260" ind1=" " ind2=" ">
      <subfield code="c">2005</subfield>
    </datafield>
    <datafield tag="300" ind1=" " ind2=" ">
      <subfield code="a">18 p</subfield>
    </datafield>
    <datafield tag="520" ind1=" " ind2=" ">
      <subfield code="a">In this lecture I address the issue of possible large distance modification of gravity and its observational consequences. Although, for the illustrative purposes we focus on a particular simple generally-covariant example, our conclusions are rather general and apply to large class of theories in which, already at the Newtonian level, gravity changes the regime at a certain very large crossover distance $r_c$. In such theories the cosmological evolution gets dramatically modified at the crossover scale, usually exhibiting a "self-accelerated" expansion, which can be differentiated from more conventional "dark energy" scenarios by precision cosmology. However, unlike the latter scenarios, theories of modified-gravity are extremely constrained (and potentially testable) by the precision gravitational measurements at much shorter scales. Despite the presence of extra polarizations of graviton, the theory is compatible with observations, since the naive perturbative expansion in Newton's constant breaks down at a certain intermediate scale. This happens because the extra polarizations have couplings singular in $1/r_c$. However, the correctly resummed non-linear solutions are regular and exhibit continuous Einsteinian limit. Contrary to the naive expectation, explicit examples indicate that the resummed solutions remain valid after the ultraviolet completion of the theory, with the loop corrections taken into account.</subfield>
    </datafield>
    <datafield tag="650" ind1="1" ind2="7">
      <subfield code="2">SzGeCERN</subfield>
      <subfield code="a">Particle Physics - Theory</subfield>
    </datafield>
    <datafield tag="720" ind1=" " ind2=" ">
      <subfield code="a">Dvali, Gia</subfield>
    </datafield>
  </record>