
  <record>
    <controlfield tag="003">SzGeCERN</controlfield>
    <controlfield tag="005">20060124104603.0</controlfield>
    <datafield tag="037" ind1=" " ind2=" ">
      <subfield code="a">hep-th/0501145</subfield>
    </datafield>
    <datafield tag="041" ind1=" " ind2=" ">
      <subfield code="a">eng</subfield>
    </datafield>
    <datafield tag="100" ind1=" " ind2=" ">
      <subfield code="a">Durin, B</subfield>
      <subfield code="u">LPTHE</subfield>
    </datafield>
    <datafield tag="245" ind1=" " ind2=" ">
      <subfield code="a">Closed strings in Misner space: a toy model for a Big Bounce ?</subfield>
    </datafield>
    <datafield tag="260" ind1=" " ind2=" ">
      <subfield code="c">2005</subfield>
    </datafield>
    <datafield tag="520" ind1=" " ind2=" ">
      <subfield code="a">Misner space, also known as the Lorentzian orbifold $R^{1,1}/boost$, is one of the simplest examples of a cosmological singularity in string theory. In this lecture, we review the semi-classical propagation of closed strings in this background, with a particular emphasis on the twisted sectors of the orbifold. Tree-level scattering amplitudes and the one-loop vacuum amplitude are also discussed.</subfield>
    </datafield>
    <datafield tag="650" ind1="1" ind2="7">
      <subfield code="2">SzGeCERN</subfield>
      <subfield code="a">Particle Physics - Theory</subfield>
    </datafield>
    <datafield tag="700" ind1=" " ind2=" ">
      <subfield code="a">Pioline, B</subfield>
    </datafield>
    <datafield tag="720" ind1=" " ind2=" ">
      <subfield code="a">Durin, Bruno</subfield>
    </datafield>
    <datafield tag="720" ind1=" " ind2=" ">
      <subfield code="a">Pioline, Boris</subfield>
    </datafield>
  </record>