
  <record>
    <controlfield tag="003">SzGeCERN</controlfield>
    <controlfield tag="005">20060713170102.0</controlfield>
    <datafield tag="037" ind1=" " ind2=" ">
      <subfield code="a">hep-th/0606038</subfield>
    </datafield>
    <datafield tag="041" ind1=" " ind2=" ">
      <subfield code="a">eng</subfield>
    </datafield>
    <datafield tag="088" ind1=" " ind2=" ">
      <subfield code="a">DESY-06-083</subfield>
    </datafield>
    <datafield tag="088" ind1=" " ind2=" ">
      <subfield code="a">DESY-2006-083</subfield>
    </datafield>
    <datafield tag="100" ind1=" " ind2=" ">
      <subfield code="a">Papadimitriou, I</subfield>
      <subfield code="u">DESY</subfield>
    </datafield>
    <datafield tag="245" ind1=" " ind2=" ">
      <subfield code="a">Non-Supersymmetric Membrane Flows from Fake Supergravity and Multi-Trace Deformations</subfield>
    </datafield>
    <datafield tag="260" ind1=" " ind2=" ">
      <subfield code="c">2007</subfield>
    </datafield>
    <datafield tag="300" ind1=" " ind2=" ">
      <subfield code="a">45 p</subfield>
    </datafield>
    <datafield tag="520" ind1=" " ind2=" ">
      <subfield code="a">We use fake supergravity as a solution generating technique to obtain a continuum of non-supersymmetric asymptotically $AdS_4\times S^7$ domain wall solutions of eleven-dimensional supergravity with non-trivial scalars in the $SL(8,\mathbb{R})/SO(8)$ coset. These solutions are continuously connected to the supersymmetric domain walls describing a uniform sector of the Coulomb branch of the $M2$-brane theory. We also provide a general argument that identifies the fake superpotential with the exact large-N quantum effective potential of the dual theory, thus arriving at a very general description of multi-trace deformations in the AdS/CFT correspondence, which strongly motivates further study of fake supergravity as a solution generating method. This identification allows us to interpret our non-supersymmetric solutions as a family of marginal triple-trace deformations of the Coulomb branch that completely break supersymmetry and to calculate the exact large-N anomalous dimensions of the operators involved. The holographic one- and two-point functions for these solutions are also computed.</subfield>
    </datafield>
    <datafield tag="650" ind1="1" ind2="7">
      <subfield code="2">SzGeCERN</subfield>
      <subfield code="a">Particle Physics - Theory</subfield>
    </datafield>
    <datafield tag="720" ind1=" " ind2=" ">
      <subfield code="a">Papadimitriou, Ioannis</subfield>
    </datafield>
  </record>