
  <record>
    <controlfield tag="003">SzGeCERN</controlfield>
    <datafield tag="037" ind1=" " ind2=" ">
      <subfield code="a">hep-th/0703265</subfield>
    </datafield>
    <datafield tag="041" ind1=" " ind2=" ">
      <subfield code="a">eng</subfield>
    </datafield>
    <datafield tag="088" ind1=" " ind2=" ">
      <subfield code="a">IGPG-07-3-4</subfield>
    </datafield>
    <datafield tag="100" ind1=" " ind2=" ">
      <subfield code="a">Alexander, S</subfield>
      <subfield code="u">The Pennsylvania State University</subfield>
    </datafield>
    <datafield tag="245" ind1=" " ind2=" ">
      <subfield code="a">A new PPN parameter to test Chern-Simons gravity</subfield>
    </datafield>
    <datafield tag="260" ind1=" " ind2=" ">
      <subfield code="c">2007</subfield>
    </datafield>
    <datafield tag="300" ind1=" " ind2=" ">
      <subfield code="a">4 p</subfield>
    </datafield>
    <datafield tag="520" ind1=" " ind2=" ">
      <subfield code="a">We study Chern-Simons (CS) gravity in the parameterized post-Newtonian (PPN) framework through weak-field solutions of the modified field equations for a perfect fluid source. We discover that CS gravity possesses the same PPN parameters as general relativity, except for the inclusion of a new term, proportional both to the CS coupling parameter and the curl of the PPN vector potentials. This new term encodes the key physical effect of CS gravity in the weak-field limit, leading to a modification of frame dragging and, thus, the Lense-Thirring contribution to gyroscopic precession. We provide a physical interpretation for the new term, as well as an estimate of the size of this effect relative to the general relativistic Lense-Thirring prediction. This correction to frame dragging might be used in experiments, such as Gravity Probe B and lunar ranging, to place bounds on the CS coupling parameter, as well as other intrinsic parameters of string theory.</subfield>
    </datafield>
    <datafield tag="650" ind1="1" ind2="7">
      <subfield code="2">SzGeCERN</subfield>
      <subfield code="a">Particle Physics - Theory</subfield>
    </datafield>
    <datafield tag="700" ind1=" " ind2=" ">
      <subfield code="a">Yunes, N</subfield>
    </datafield>
    <datafield tag="720" ind1=" " ind2=" ">
      <subfield code="a">Alexander, Stephon</subfield>
    </datafield>
    <datafield tag="720" ind1=" " ind2=" ">
      <subfield code="a">Yunes, Nicolas</subfield>
    </datafield>
  </record>