
  <record>
    <datafield tag="035" ind1="" ind2="">
      <subfield code="a">0289446CERCER</subfield>
    </datafield>
    <datafield tag="035" ind1="" ind2="">
      <subfield code="a">3838510</subfield>
    </datafield>
    <datafield tag="037" ind1="" ind2="">
      <subfield code="a">hep-th/9809057</subfield>
    </datafield>
    <datafield tag="041" ind1="" ind2="">
      <subfield code="a">eng</subfield>
    </datafield>
    <datafield tag="100" ind1="" ind2="">
      <subfield code="a">Polyakov, A M</subfield>
      <subfield code="u">Princeton University</subfield>
    </datafield>
    <datafield tag="245" ind1="" ind2="">
      <subfield code="a">The wall of the cave</subfield>
    </datafield>
    <datafield tag="260" ind1="" ind2="">
      <subfield code="c">1999</subfield>
    </datafield>
    <datafield tag="520" ind1="" ind2="">
      <subfield code="a">In this article old and new relations between gauge fields and strings are discussed. We add new arguments that the Yang Mills theories must be described by the non-critical strings in the five dimensional curved space. The physical meaning of the fifth dimension is that of the renormalization scale represented by the Liouville field. We analyze the meaning of the zigzag symmetry and show that it is likely to be present if there is a minimal supersymmetry on the world sheet. We also present the new string backgrounds which may be relevant for the description of the ordinary bosonic Yang-Mills theories. The article is written on the occasion of the 40-th anniversary of the IHES.</subfield>
    </datafield>
    <datafield tag="650" ind1="1" ind2="7">
      <subfield code="2">SzGeCERN</subfield>
      <subfield code="a">Particle Physics - Theory</subfield>
    </datafield>
    <!--added using refextract-->
  </record>