
  <record>
    <controlfield tag="003">SzGeCERN</controlfield>
    <controlfield tag="005">20060914104330.0</controlfield>
    <datafield tag="035" ind1="" ind2="">
      <subfield code="a">34038281</subfield>
    </datafield>
    <datafield tag="035" ind1="" ind2="">
      <subfield code="a">251,129,189,013</subfield>
    </datafield>
    <datafield tag="041" ind1="" ind2="">
      <subfield code="a">eng</subfield>
    </datafield>
    <datafield tag="088" ind1="" ind2="">
      <subfield code="9">SCAN-0005061</subfield>
    </datafield>
    <datafield tag="088" ind1="" ind2="">
      <subfield code="a">TESLA-FEL-99-07</subfield>
    </datafield>
    <datafield tag="100" ind1="" ind2="">
      <subfield code="a">Treusch, R</subfield>
    </datafield>
    <datafield tag="245" ind1="" ind2="">
      <subfield code="a">Development of photon beam diagnostics for VUV radiation from a SASE FEL</subfield>
    </datafield>
    <datafield tag="260" ind1="" ind2="">
      <subfield code="c">2000</subfield>
    </datafield>
    <datafield tag="520" ind1="" ind2="">
      <subfield code="a">For the proof-of-principle experiment of self-amplified spontaneous emission (SASE) at short wavelengths on the VUV FEL at DESY a multi-facetted photon beam diagnostics experiment has been developed employing new detection concepts to measure all SASE specific properties on a single pulse basis. The present setup includes instrumentation for the measurement of the energy and the angular and spectral distribution of individual photon pulses. Different types of photon detectors such as PtSi-photodiodes and fast thermoelectric detectors based on YBaCuO-films are used to cover some five orders of magnitude of intensity from the level of spontaneous emission to FEL radiation at saturation. A 1 m normal incidence monochromator in combination with a fast intensified CCD camera allows to select single photon pulses and to record the full spectrum at high resolution to resolve the fine structure due to the start-up from noise.</subfield>
    </datafield>
    <datafield tag="650" ind1="1" ind2="7">
      <subfield code="2">SzGeCERN</subfield>
      <subfield code="a">Accelerators and Storage Rings</subfield>
    </datafield>
    <datafield tag="700" ind1="" ind2="">
      <subfield code="a">Lokajczyk, T</subfield>
    </datafield>
    <datafield tag="700" ind1="" ind2="">
      <subfield code="a">Xu, W</subfield>
    </datafield>
    <datafield tag="700" ind1="" ind2="">
      <subfield code="a">Jastrow, U</subfield>
    </datafield>
    <datafield tag="700" ind1="" ind2="">
      <subfield code="a">Hahn, U</subfield>
    </datafield>
    <datafield tag="700" ind1="" ind2="">
      <subfield code="a">Bittner, L</subfield>
    </datafield>
    <datafield tag="700" ind1="" ind2="">
      <subfield code="a">Feldhaus, J</subfield>
    </datafield>
  </record>