
  <record>
    <datafield tag="037" ind1=" " ind2=" ">
      <subfield code="a">BUL-SCIENCE-2009-001</subfield>
    </datafield>
    <datafield tag="041" ind1=" " ind2=" ">
      <subfield code="a">eng</subfield>
    </datafield>
    <datafield tag="100" ind1=" " ind2=" ">
      <subfield code="a">Charles Darwin</subfield>
    </datafield>
    <datafield tag="245" ind1=" " ind2=" ">
      <subfield code="a">The order Rodentia in South America</subfield>
    </datafield>
    <datafield tag="520" ind1=" " ind2=" ">
      <subfield code="b">&lt;!--HTML--&gt;&lt;p&gt;The order Rodentia is here very numerous in species: of mice alone I obtained no less than eight kinds. &lt;sup&gt;&lt;a name="note1" href="#footnote1"&gt;1&lt;/a&gt;&lt;/sup&gt;The largest gnawing animal in the world, the Hydrochærus capybara (the water-hog), is here also common. One which I shot at Monte Video weighed ninety-eight pounds: its length, from the end of the snout to the stump-like tail, was three feet two inches; and its girth three feet eight. These great Rodents occasionally frequent the islands in the mouth of the Plata, where the water is quite salt, but are far more abundant on the borders of fresh-water lakes and rivers. Near Maldonado three or four generally live together. In the daytime they either lie among the aquatic plants, or openly feed on the turf plain.&lt;sup&gt;&lt;a name="note2" href="#footnote2"&gt;2&lt;/a&gt;&lt;/sup&gt;&lt;/p&gt; &lt;p&gt; &lt;div class="phlwithcaption"&gt; &lt;div class="imageScale"&gt;&lt;img src="http://inveniosoftware.org/download/invenio-demo-site-files/icon-journal_water_dog_image.gif" alt="" /&gt;&lt;/div&gt; &lt;p&gt;Hydrochærus capybara or Water-hog&lt;/p&gt; &lt;/div&gt; When viewed at a distance, from their manner of walking and colour they resemble pigs: but when seated on their haunches, and attentively watching any object with one eye, they reassume the appearance of their congeners, cavies and rabbits. Both the front and side view of their head has quite a ludicrous aspect, from the great depth of their jaw. These animals, at Maldonado, were very tame; by cautiously walking, I approached within three yards of four old ones. This tameness may probably be accounted for, by the Jaguar having been banished for some years, and by the Gaucho not thinking it worth his while to hunt them. As I approached nearer and nearer they frequently made their peculiar noise, which is a low abrupt grunt, not having much actual sound, but rather arising from the sudden expulsion of air: the only noise I know at all like it, is the first hoarse bark of a large dog. Having watched the four from almost within arm's length (and they me) for several minutes, they rushed into the water at full gallop with the greatest impetuosity, and emitted at the same time their bark. After diving a short distance they came again to the surface, but only just showed the upper part of their heads. When the female is swimming in the water, and has young ones, they are said to sit on her back. These animals are easily killed in numbers; but their skins are of trifling value, and the meat is very indifferent. On the islands in the Rio Parana they are exceedingly abundant, and afford the ordinary prey to the Jaguar.&lt;/p&gt; &lt;p&gt;&lt;small&gt;&lt;sup&gt;&lt;a name="footnote1" href="#note1"&gt;1&lt;/a&gt;&lt;/sup&gt;. In South America I collected altogether twenty-seven species of mice, and thirteen more are known from the works of Azara and other authors. Those collected by myself have been named and described by Mr. Waterhouse at the meetings of the Zoological Society. I must be allowed to take this opportunity of returning my cordial thanks to Mr. Waterhouse, and to the other gentleman attached to that Society, for their kind and most liberal assistance on all occasions.&lt;/small&gt;&lt;/p&gt; &lt;p&gt;&lt;small&gt;&lt;sup&gt;&lt;a name="footnote2" href="#note2"&gt;2&lt;/a&gt;&lt;/sup&gt;. In the stomach and duodenum of a capybara which I opened, I found a very large quantity of a thin yellowish fluid, in which scarcely a fibre could be distinguished. Mr. Owen informs me that a part of the oesophagus is so constructed that nothing much larger than a crowquill can be passed down. Certainly the broad teeth and strong jaws of this animal are well fitted to grind into pulp the aquatic plants on which it feeds.&lt;/small&gt;&lt;/p&gt; (Excerpt from A NATURALIST'S VOYAGE ROUND THE WORLD Chapter 3, By Charles Darwin)</subfield>
    </datafield>
    <datafield tag="773" ind1=" " ind2=" ">
      <subfield code="n">02/2009</subfield>
      <subfield code="t">Atlantis Times</subfield>
    </datafield>
    <datafield tag="773" ind1=" " ind2=" ">
      <subfield code="n">03/2009</subfield>
      <subfield code="t">Atlantis Times</subfield>
    </datafield>
  </record>