
  <record>
    <controlfield tag="003">SzGeCERN</controlfield>
    <controlfield tag="005">20080521084337.0</controlfield>
    <datafield tag="035" ind1=" " ind2=" ">
        <subfield code="a">4066995</subfield>
    </datafield>
    <datafield tag="037" ind1=" " ind2=" ">
        <subfield code="a">CERN-EP-99-060</subfield>
    </datafield>
    <datafield tag="041" ind1=" " ind2=" ">
        <subfield code="a">eng</subfield>
    </datafield>
    <datafield tag="084" ind1=" " ind2=" ">
        <subfield code="2">CERN Library</subfield>
        <subfield code="a">EP-1999-060</subfield>
    </datafield>
    <datafield tag="088" ind1=" " ind2=" ">
        <subfield code="a">CERN-L3-175</subfield>
    </datafield>
    <datafield tag="110" ind1=" " ind2=" ">
        <subfield code="a">CERN. Geneva</subfield>
    </datafield>
    <datafield tag="245" ind1=" " ind2=" ">
        <subfield code="a">Limits on Higgs boson masses from combining the data of the four LEP experiments at $\sqrt{s} \leq 183 GeV$</subfield>
    </datafield>
    <datafield tag="260" ind1=" " ind2=" ">
        <subfield code="c">1999</subfield>
    </datafield>
    <datafield tag="300" ind1=" " ind2=" ">
        <subfield code="a">18 p</subfield>
    </datafield>
    <datafield tag="490" ind1=" " ind2=" ">
        <subfield code="a">ALEPH Papers</subfield>
    </datafield>
    <datafield tag="500" ind1=" " ind2=" ">
        <subfield code="a">Preprint not submitted to publication</subfield>
    </datafield>
    <datafield tag="650" ind1="1" ind2="7">
        <subfield code="2">SzGeCERN</subfield>
        <subfield code="a">Particle Physics - Experiment</subfield>
    </datafield>
    <datafield tag="710" ind1=" " ind2=" ">
        <subfield code="5">EP</subfield>
    </datafield>
    <datafield tag="710" ind1=" " ind2=" ">
        <subfield code="g">ALEPH Collaboration</subfield>
    </datafield>
    <datafield tag="710" ind1=" " ind2=" ">
        <subfield code="g">DELPHI Collaboration</subfield>
    </datafield>
    <datafield tag="710" ind1=" " ind2=" ">
        <subfield code="g">L3 Collaboration</subfield>
    </datafield>
    <datafield tag="710" ind1=" " ind2=" ">
        <subfield code="g">LEP Working Group for Higgs Boson Searches</subfield>
    </datafield>
    <datafield tag="710" ind1=" " ind2=" ">
        <subfield code="g">OPAL Collaboration</subfield>
    </datafield>
  </record>