
  <record>
    <controlfield tag="003">SzGeCERN</controlfield>
    <controlfield tag="005">20090128145544.0</controlfield>
    <datafield tag="037" ind1=" " ind2=" ">
        <subfield code="a">CERN-ALEPH-ARCH-DATA-2009-004</subfield>
    </datafield>
    <datafield tag="041" ind1=" " ind2=" ">
        <subfield code="a">eng</subfield>
    </datafield>
    <datafield tag="100" ind1=" " ind2=" ">
        <subfield code="a">Beddall, Andrew</subfield>
        <subfield code="u">Gaziantep U.</subfield>
    </datafield>
    <datafield tag="245" ind1=" " ind2=" ">
        <subfield code="a">Residual Bose-Einstein Correlations and the Söding Model</subfield>
    </datafield>
    <datafield tag="260" ind1=" " ind2=" ">
        <subfield code="c">2008</subfield>
    </datafield>
    <datafield tag="300" ind1=" " ind2=" ">
        <subfield code="a">8 p</subfield>
    </datafield>
    <datafield tag="520" ind1=" " ind2=" ">
        <subfield code="a">Bose--Einstein correlations between identical pions close in phase-space is thought to be responsible for the observed distortion in mass spectra of non-identical pions. For example in the decays \rho 0 \rightarrow \pi + \pi - and \rho \pm \rightarrow \pi \pm \pi 0, such distortions are a residual effect where the pions from the \rho decay interact with other identical pions that are close in phase-space. Such interactions can be significant in, for example, hadronic decays of Z bosons where pion multiplicities are high, and resonances such as \rho mesons decay with a very short lifetime thereby creating pions that are close to prompt pions created directly. We present the S{ö}ding model and show that it has been used successfully to model distortions in \pi \pm \pi 0 mass spectra in hadronic Z decays recorded by ALEPH.</subfield>
    </datafield>
    <datafield tag="650" ind1="1" ind2="7">
        <subfield code="2">SzGeCERN</subfield>
        <subfield code="a">Particle Physics - Experiment</subfield>
    </datafield>
    <datafield tag="700" ind1=" " ind2=" ">
        <subfield code="a">Beddall, Ayda</subfield>
        <subfield code="u">Gaziantep U.</subfield>
    </datafield>
    <datafield tag="700" ind1=" " ind2=" ">
        <subfield code="a">Bingül, Ahmet</subfield>
        <subfield code="u">Gaziantep U.</subfield>
    </datafield>
    <datafield tag="710" ind1=" " ind2=" ">
        <subfield code="5">PH-EP</subfield>
    </datafield>
    <datafield tag="773" ind1=" " ind2=" ">
        <subfield code="n">1</subfield>
        <subfield code="p">Acta Phys. Pol. B</subfield>
        <subfield code="y">2008</subfield>
    </datafield>
  </record>