
  <record>
    <datafield tag="037" ind1=" " ind2=" ">
      <subfield code="a">BUL-NEWS-2009-005</subfield>
    </datafield>
    <datafield tag="100" ind1=" " ind2=" ">
      <subfield code="a">Charles Darwin</subfield>
    </datafield>
    <datafield tag="245" ind1=" " ind2=" ">
      <subfield code="a">Galapagos Archipelago</subfield>
    </datafield>
    <datafield tag="520" ind1=" " ind2=" ">
      <subfield code="b">&lt;!--HTML--&gt;&lt;p class="articleHeader"&gt;&lt;i&gt;September 15th.&lt;/i&gt;&amp;mdash;This archipelago consists of ten principal islands, of which five exceed the others in size. They are situated under the Equator, and between five and six hundred miles westward of the coast of America. They are all formed of volcanic rocks; a few fragments of granite curiously glazed and altered by the heat can hardly be considered as an exception.&lt;/p&gt; &lt;p&gt; Some of the craters surmounting the larger islands are of immense size, and they rise to a height of between three and four thousand feet. Their flanks are studded by innumerable smaller orifices. I scarcely hesitate to affirm that there must be in the whole archipelago at least two thousand craters. These consist either of lava and scori&amp;aelig;, or of finely-stratified, sandstone-like tuff. Most of the latter are beautifully symmetrical; they owe their origin to eruptions of volcanic mud without any lava: it is a remarkable circumstance that every one of the twenty-eight tuff-craters which were examined had their southern sides either much lower than the other sides, or quite broken down and removed. As all these craters apparently have been formed when standing in the sea, and as the waves from the trade wind and the swell from the open Pacific here unite their forces on the southern coasts of all the islands, this singular uniformity in the broken state of the craters, composed of the soft and yielding tuff, is easily explained.&lt;/p&gt; &lt;p style="text-align: center;"&gt; &lt;img alt="" class="ph" src="http://inveniosoftware.org/download/invenio-demo-site-files/icon-journal_galapagos_archipelago.jpg" style="width: 300px; height: 294px;" /&gt;&lt;/p&gt; &lt;p&gt; Considering that these islands are placed directly under the equator, the climate is far from being excessively hot; this seems chiefly caused by the singularly low temperature of the surrounding water, brought here by the great southern Polar current. Excepting during one short season very little rain falls, and even then it is irregular; but the clouds generally hang low. Hence, whilst the lower parts of the islands are very sterile, the upper parts, at a height of a thousand feet and upwards, possess a damp climate and a tolerably luxuriant vegetation. This is especially the case on the windward sides of the islands, which first receive and condense the moisture from the atmosphere.&lt;/p&gt;</subfield>
    </datafield>
    <datafield tag="773" ind1="" ind2=" ">
      <subfield code="n">06/2009</subfield>
      <subfield code="t">Atlantis Times</subfield>
    </datafield>
    <datafield tag="773" ind1="" ind2=" ">
      <subfield code="n">07/2009</subfield>
      <subfield code="t">Atlantis Times</subfield>
    </datafield>
  </record>