
  <record>
    <datafield tag="037" ind1=" " ind2=" ">
      <subfield code="a">CERN-MOVIE-2010-075</subfield>
    </datafield>
    <datafield tag="041" ind1=" " ind2=" ">
      <subfield code="a">silent</subfield>
    </datafield>
    <datafield tag="100" ind1=" " ind2=" ">
      <subfield code="a">CMS team</subfield>
      <subfield code="e">Produced by</subfield>
    </datafield>
    <datafield tag="245" ind1=" " ind2=" ">
      <subfield code="a">CMS animation of the high-energy collisions at 7 TeV on 30th March 2010</subfield>
    </datafield>
    <datafield tag="260" ind1=" " ind2=" ">
      <subfield code="c">2010</subfield>
    </datafield>
    <datafield tag="300" ind1=" " ind2=" ">
      <subfield code="a">10 sec</subfield>
      <subfield code="b">720x576 16/9, 25</subfield>
    </datafield>
    <datafield tag="340" ind1=" " ind2=" ">
      <subfield code="a">UNKNOWN PAL</subfield>
    </datafield>
    <datafield tag="653" ind1="1" ind2=" ">
      <subfield code="a">LHC</subfield>
    </datafield>
    <datafield tag="653" ind1="1" ind2=" ">
      <subfield code="a">CMS</subfield>
    </datafield>
    <datafield tag="653" ind1="1" ind2=" ">
      <subfield code="a">LHCfirstphysics</subfield>
    </datafield>
    <datafield tag="520" ind1=" " ind2=" ">
      <subfield code="a">Run 132440 - Event  2732271</subfield>
    </datafield>
    <datafield tag="542" ind1=" " ind2=" ">
      <subfield code="d">CERN</subfield>
      <subfield code="g">2010</subfield>
    </datafield>
  </record>